<!DOCTYPE html>
<html lang="de" class="on-loading-done"><head>
<meta http-equiv="content-type" content="text/html; charset=UTF-8"><script type="text/javascript" charset="UTF-8" async="" src="js/state.js"></script><script type="text/javascript"> var LOCALE = 'de\u002DDE'; var BASE_URL = 'https\u003A\u002F\u002Fmaxinutrition.de\u002F'; var require = { 'baseUrl': 'https\u003A\u002F\u002Fmaxinutrition.de\u002Fstatic\u002Fversion1698917875\u002Ffrontend\u002FMagecloud\u002Fmaxinutrition\u002Fde_DE' };</script> <meta charset="utf-8">
<meta name="title" content="MaxiNutrition: Functional-Fitness-Food &amp; Proteine online kaufen  - Maxinutrition">
<meta name="description" content="▷ Erreiche deine Fitnessziele mit MaxiNutrition! ✓Proteinriegel ✓Whey Eiweißpulver ✓Hydration Tabs ✓EAA Drinks – alles für deine bewusste Ernährung!">
<meta name="robots" content="INDEX,FOLLOW">
<meta name="viewport" content="width=device-width, initial-scale=1">
<meta name="format-detection" content="telephone=no">
<meta name="content-language" content="de-de">
<title>MaxiNutrition: Functional-Fitness-Food &amp; Proteine online kaufen  - Maxinutrition</title>
<link rel="stylesheet" type="text/css" media="all" href="css/19fcaa001ea51dc396a1326d6cfd6feb.min.css">
<link rel="stylesheet" type="text/css" media="screen and (min-width: 768px)" href="css/styles-l.min.css">
<link rel="stylesheet" type="text/css" media="print" href="css/print.min.css">
<link rel="stylesheet" type="text/css" media="all and (min-width: 1px)" href="css/main.css">
<link rel="icon" sizes="48x48" href="https://maxinutrition.de/static/version1698917875/frontend/Magecloud/maxinutrition/de_DE/img/favicon.ico">
<link rel="icon" type="image/x-icon" href="https://maxinutrition.de/static/version1698917875/frontend/Magecloud/maxinutrition/de_DE/Magento_Enterprise/favicon.ico">
<link rel="shortcut icon" type="image/x-icon" href="https://maxinutrition.de/static/version1698917875/frontend/Magecloud/maxinutrition/de_DE/Magento_Enterprise/favicon.ico">
<script type="text/javascript" src="js/require.min.js"></script>
<script type="text/javascript" src="js/requirejs-min-resolver.min.js"></script>
<script type="text/javascript" src="js/mixins.min.js"></script>
<script type="text/javascript" src="js/requirejs-config.min.js"></script>
<script type="text/javascript" src="js/bsspopup.min.js"></script>
<script type="text/javascript" src="js/rootmenu.min.js"></script>
<script type="text/javascript" src="js/tracking.min.js"></script>
<script async="async" type="text/javascript" defer="defer" src="js/main.js"></script>
<link rel="stylesheet" type="text/css" media="all" href="css/menu_maxinutrition_de_relaunch.css"><style> /* @media (max-width:767px){ .rootmenu > .rootmenu-list .tabmenu .cat-arrow.vertical-tab-click { display: inline-block; position: absolute; right: 0; top: 0; cursor: pointer; width: 30px; height: 30px; } .rootmenu > .rootmenu-list .tabmenu .cat-arrow.vertical-tab-click::before { transform: rotate(45deg); } } */</style>  <script id="Cookiebot" data-cfasync="false" src="js/uc.js" data-cbid="515d6984-ddb0-4ce1-8650-7ebebe4643e8" data-culture="DE" type="text/javascript" async=""></script> <script type="text/javascript" src="js/5ca7f233595dd912f5f1f3c7d.js" defer="defer"></script><script async="" src="images/v2" defer="defer" type="text/javascript"></script> <script type="text/javascript">
//<![CDATA[
try {
    smileTracker.setConfig({
        beaconUrl        : 'images/h.png',
        telemetryUrl     : 'https://t.elasticsuite.io/track',
        telemetryEnabled : '',
        sessionConfig    : {"visit_cookie_name":"STUID","visit_cookie_lifetime":"3600","visitor_cookie_lifetime":"365","visitor_cookie_name":"STVID","domain":"maxinutrition.de","path":"\/"},
    });

    smileTracker.addPageVar('store_id', '8');

    require(['Smile_ElasticsuiteTracker/js/user-consent'], function (userConsent) {
        if (userConsent({"cookieRestrictionEnabled":"0","cookieRestrictionName":"user_allowed_save_cookie"})) {
            smileTracker.sendTag();
        }
    });
} catch (err) {
    ;
}
//]]>
</script><style type="text/css" id="CookieConsentStateDisplayStyles">.cookieconsent-optin-preferences,.cookieconsent-optin-statistics,.cookieconsent-optin-marketing,.cookieconsent-optin{display:none;}.cookieconsent-optout-preferences,.cookieconsent-optout-statistics,.cookieconsent-optout-marketing,.cookieconsent-optout{display:block;display:initial;}</style><script type="text/javascript" charset="utf-8" async="" data-requirecontext="_" data-requiremodule="jquery" src="js/jquery.min.js"></script><script type="text/javascript" charset="utf-8" async="" data-requirecontext="_" data-requiremodule="mage/common" src="js/common.min.js"></script><script type="text/javascript" charset="utf-8" async="" data-requirecontext="_" data-requiremodule="mage/dataPost" src="js/dataPost.min.js"></script><script type="text/javascript" charset="utf-8" async="" data-requirecontext="_" data-requiremodule="mage/bootstrap" src="js/bootstrap.min_003.js"></script><script type="text/javascript" charset="utf-8" async="" data-requirecontext="_" data-requiremodule="Magento_Ui/js/core/app" src="js/app.min.js"></script><script type="text/javascript" charset="utf-8" async="" data-requirecontext="_" data-requiremodule="Magento_PageCache/js/form-key-provider" src="js/form-key-provider.min.js"></script><script type="text/javascript" charset="utf-8" async="" data-requirecontext="_" data-requiremodule="Magento_Translation/js/mage-translation-dictionary" src="js/mage-translation-dictionary.min.js"></script><script type="text/javascript" charset="utf-8" async="" data-requirecontext="_" data-requiremodule="Magento_Theme/js/theme" src="js/theme.min.js"></script><script type="text/javascript" charset="utf-8" async="" data-requirecontext="_" data-requiremodule="Rootways_Megamenu/js/masonry.pkgd.min" src="js/masonry.pkgd.min.js"></script><script type="text/javascript" charset="utf-8" async="" data-requirecontext="_" data-requiremodule="Smile_ElasticsuiteTracker/js/user-consent" src="js/user-consent.min.js"></script><script type="text/javascript" charset="utf-8" async="" data-requirecontext="_" data-requiremodule="jquery/compat" src="js/compat.min.js"></script><script type="text/javascript" charset="utf-8" async="" data-requirecontext="_" data-requiremodule="domReady" src="js/domReady.min.js"></script><script type="text/javascript" charset="utf-8" async="" data-requirecontext="_" data-requiremodule="mage/template" src="js/template.min.js"></script><script type="text/javascript" charset="utf-8" async="" data-requirecontext="_" data-requiremodule="Magento_Ui/js/modal/confirm" src="js/confirm.min.js"></script><script type="text/javascript" charset="utf-8" async="" data-requirecontext="_" data-requiremodule="jquery/ui-modules/widget" src="js/widget.min_002.js"></script><script type="text/javascript" charset="utf-8" async="" data-requirecontext="_" data-requiremodule="underscore" src="js/underscore.min.js"></script><script type="text/javascript" charset="utf-8" async="" data-requirecontext="_" data-requiremodule="Magefan_Blog/js/lib/mfblogunveil" src="js/mfblogunveil.min.js"></script><script type="text/javascript" charset="utf-8" async="" data-requirecontext="_" data-requiremodule="WeSupply_Toolbox/js/lib/iframeResizer.min" src="js/iframeResizer.min.js"></script><script type="text/javascript" charset="utf-8" async="" data-requirecontext="_" data-requiremodule="WeltPixel_QuickCart/js/quickcart" src="js/quickcart.min.js"></script><script type="text/javascript" charset="utf-8" async="" data-requirecontext="_" data-requiremodule="mage/apply/main" src="js/main.min_002.js"></script><script type="text/javascript" charset="utf-8" async="" data-requirecontext="_" data-requiremodule="Magento_Ui/js/lib/knockout/bootstrap" src="js/bootstrap.min_002.js"></script><script async="" defer="defer" type="text/javascript" src="js/v1.es"></script><script type="text/javascript" charset="utf-8" async="" data-requirecontext="_" data-requiremodule="text" src="js/text.min.js"></script><script type="text/javascript" charset="utf-8" async="" data-requirecontext="_" data-requiremodule="mage/smart-keyboard-handler" src="js/smart-keyboard-handler.min.js"></script><script type="text/javascript" charset="utf-8" async="" data-requirecontext="_" data-requiremodule="mage/mage" src="js/mage.min.js"></script><script type="text/javascript" charset="utf-8" async="" data-requirecontext="_" data-requiremodule="mage/ie-class-fixer" src="js/ie-class-fixer.min.js"></script><script type="text/javascript" charset="utf-8" async="" data-requirecontext="_" data-requiremodule="mage/cookies" src="js/cookies.min.js"></script><script type="text/javascript" charset="utf-8" async="" data-requirecontext="_" data-requiremodule="jquery/ui-modules/core" src="js/core.min.js"></script><script type="text/javascript" charset="utf-8" async="" data-requirecontext="_" data-requiremodule="jquery/ui-modules/widgets/accordion" src="js/accordion.min.js"></script><script type="text/javascript" charset="utf-8" async="" data-requirecontext="_" data-requiremodule="jquery/ui-modules/widgets/autocomplete" src="js/autocomplete.min.js"></script><script type="text/javascript" charset="utf-8" async="" data-requirecontext="_" data-requiremodule="jquery/ui-modules/widgets/button" src="js/button.min.js"></script><script type="text/javascript" charset="utf-8" async="" data-requirecontext="_" data-requiremodule="jquery/ui-modules/widgets/datepicker" src="js/datepicker.min_002.js"></script><script type="text/javascript" charset="utf-8" async="" data-requirecontext="_" data-requiremodule="jquery/ui-modules/widgets/dialog" src="js/dialog.min.js"></script><script type="text/javascript" charset="utf-8" async="" data-requirecontext="_" data-requiremodule="jquery/ui-modules/widgets/draggable" src="js/draggable.min.js"></script><script type="text/javascript" charset="utf-8" async="" data-requirecontext="_" data-requiremodule="jquery/ui-modules/widgets/droppable" src="js/droppable.min.js"></script><script type="text/javascript" charset="utf-8" async="" data-requirecontext="_" data-requiremodule="jquery/ui-modules/effects/effect-blind" src="js/effect-blind.min.js"></script><script type="text/javascript" charset="utf-8" async="" data-requirecontext="_" data-requiremodule="jquery/ui-modules/effects/effect-bounce" src="js/effect-bounce.min.js"></script><script type="text/javascript" charset="utf-8" async="" data-requirecontext="_" data-requiremodule="jquery/ui-modules/effects/effect-clip" src="js/effect-clip.min.js"></script><script type="text/javascript" charset="utf-8" async="" data-requirecontext="_" data-requiremodule="jquery/ui-modules/effects/effect-drop" src="js/effect-drop.min.js"></script><script type="text/javascript" charset="utf-8" async="" data-requirecontext="_" data-requiremodule="jquery/ui-modules/effects/effect-explode" src="js/effect-explode.min.js"></script><script type="text/javascript" charset="utf-8" async="" data-requirecontext="_" data-requiremodule="jquery/ui-modules/effects/effect-fade" src="js/effect-fade.min.js"></script><script type="text/javascript" charset="utf-8" async="" data-requirecontext="_" data-requiremodule="jquery/ui-modules/effects/effect-fold" src="js/effect-fold.min.js"></script><script type="text/javascript" charset="utf-8" async="" data-requirecontext="_" data-requiremodule="jquery/ui-modules/effects/effect-highlight" src="js/effect-highlight.min.js"></script><script type="text/javascript" charset="utf-8" async="" data-requirecontext="_" data-requiremodule="jquery/ui-modules/effects/effect-scale" src="js/effect-scale.min.js"></script><script type="text/javascript" charset="utf-8" async="" data-requirecontext="_" data-requiremodule="jquery/ui-modules/effects/effect-pulsate" src="js/effect-pulsate.min.js"></script><script type="text/javascript" charset="utf-8" async="" data-requirecontext="_" data-requiremodule="jquery/ui-modules/effects/effect-shake" src="js/effect-shake.min.js"></script><script type="text/javascript" charset="utf-8" async="" data-requirecontext="_" data-requiremodule="jquery/ui-modules/effects/effect-slide" src="js/effect-slide.min.js"></script><script type="text/javascript" charset="utf-8" async="" data-requirecontext="_" data-requiremodule="jquery/ui-modules/effects/effect-transfer" src="js/effect-transfer.min.js"></script><script type="text/javascript" charset="utf-8" async="" data-requirecontext="_" data-requiremodule="jquery/ui-modules/effect" src="js/effect.min.js"></script><script type="text/javascript" charset="utf-8" async="" data-requirecontext="_" data-requiremodule="jquery/ui-modules/widgets/menu" src="js/menu.min.js"></script><script type="text/javascript" charset="utf-8" async="" data-requirecontext="_" data-requiremodule="jquery/ui-modules/widgets/mouse" src="js/mouse.min.js"></script><script type="text/javascript" charset="utf-8" async="" data-requirecontext="_" data-requiremodule="jquery/ui-modules/position" src="js/position.min.js"></script><script type="text/javascript" charset="utf-8" async="" data-requirecontext="_" data-requiremodule="jquery/ui-modules/widgets/progressbar" src="js/progressbar.min.js"></script><script type="text/javascript" charset="utf-8" async="" data-requirecontext="_" data-requiremodule="jquery/ui-modules/widgets/resizable" src="js/resizable.min.js"></script><script type="text/javascript" charset="utf-8" async="" data-requirecontext="_" data-requiremodule="jquery/ui-modules/widgets/selectable" src="js/selectable.min.js"></script><script type="text/javascript" charset="utf-8" async="" data-requirecontext="_" data-requiremodule="jquery/ui-modules/widgets/selectmenu" src="js/selectmenu.min.js"></script><script type="text/javascript" charset="utf-8" async="" data-requirecontext="_" data-requiremodule="jquery/ui-modules/widgets/sortable" src="js/sortable.min.js"></script><script type="text/javascript" charset="utf-8" async="" data-requirecontext="_" data-requiremodule="jquery/ui-modules/widgets/spinner" src="js/spinner.min.js"></script><script type="text/javascript" charset="utf-8" async="" data-requirecontext="_" data-requiremodule="jquery/ui-modules/widgets/tabs" src="js/tabs.min_002.js"></script><script type="text/javascript" charset="utf-8" async="" data-requirecontext="_" data-requiremodule="jquery/timepicker" src="js/timepicker.min.js"></script><script type="text/javascript" charset="utf-8" async="" data-requirecontext="_" data-requiremodule="jquery/ui-modules/widgets/tooltip" src="js/tooltip.min_002.js"></script><script type="text/javascript" charset="utf-8" async="" data-requirecontext="_" data-requiremodule="mage/translate" src="js/translate.min.js"></script><script type="text/javascript" charset="utf-8" async="" data-requirecontext="_" data-requiremodule="Magento_Ui/js/modal/modal" src="js/modal.min.js"></script><script type="text/javascript" charset="utf-8" async="" data-requirecontext="_" data-requiremodule="jquery/jquery-migrate" src="js/jquery-migrate.min.js"></script><script type="text/javascript" charset="utf-8" async="" data-requirecontext="_" data-requiremodule="Magento_ReCaptchaWebapiUi/js/jquery-mixin" src="js/jquery-mixin.min.js"></script><script type="text/javascript" charset="utf-8" async="" data-requirecontext="_" data-requiremodule="Magento_PageBuilder/js/resource/slick/slick" src="js/slick.min.js"></script><script type="text/javascript" charset="utf-8" async="" data-requirecontext="_" data-requiremodule="Magento_Ui/js/core/renderer/types" src="js/types.min.js"></script><script type="text/javascript" charset="utf-8" async="" data-requirecontext="_" data-requiremodule="Magento_Ui/js/core/renderer/layout" src="js/layout.min.js"></script><script type="text/javascript" charset="utf-8" async="" data-requirecontext="_" data-requiremodule="knockoutjs/knockout" src="js/knockout.min.js"></script><script type="text/javascript" charset="utf-8" async="" data-requirecontext="_" data-requiremodule="knockoutjs/knockout-es5" src="js/knockout-es5.min.js"></script><script type="text/javascript" charset="utf-8" async="" src="js/capitan.capitan-bundle.786b1ed6d4b6b2e2b000.js"></script><script type="text/javascript" charset="utf-8" async="" data-requirecontext="_" data-requiremodule="Magento_Customer/js/customer-data" src="js/customer-data.min.js"></script><script type="text/javascript" charset="utf-8" async="" data-requirecontext="_" data-requiremodule="Magento_Persistent/js/view/customer-data-mixin" src="js/customer-data-mixin.min.js"></script><script type="text/javascript" charset="utf-8" async="" data-requirecontext="_" data-requiremodule="mage/apply/scripts" src="js/scripts.min.js"></script><script type="text/javascript" charset="utf-8" async="" data-requirecontext="_" data-requiremodule="Magento_Ui/js/lib/knockout/template/engine" src="js/engine.min.js"></script><script type="text/javascript" charset="utf-8" async="" data-requirecontext="_" data-requiremodule="Magento_Ui/js/lib/knockout/bindings/bootstrap" src="js/bootstrap.min.js"></script><script type="text/javascript" charset="utf-8" async="" data-requirecontext="_" data-requiremodule="Magento_Ui/js/lib/knockout/extender/observable_array" src="js/observable_array.min.js"></script><script type="text/javascript" charset="utf-8" async="" data-requirecontext="_" data-requiremodule="Magento_Ui/js/lib/knockout/extender/bound-nodes" src="js/bound-nodes.min.js"></script><script type="text/javascript" charset="utf-8" async="" data-requirecontext="_" data-requiremodule="js-cookie/cookie-wrapper" src="js/cookie-wrapper.min.js"></script><script type="text/javascript" charset="utf-8" async="" data-requirecontext="_" data-requiremodule="jquery/ui-modules/version" src="js/version.min.js"></script><script type="text/javascript" charset="utf-8" async="" data-requirecontext="_" data-requiremodule="jquery/ui-modules/data" src="js/data.min.js"></script><script type="text/javascript" charset="utf-8" async="" data-requirecontext="_" data-requiremodule="jquery/ui-modules/disable-selection" src="js/disable-selection.min.js"></script><script type="text/javascript" charset="utf-8" async="" data-requirecontext="_" data-requiremodule="jquery/ui-modules/focusable" src="js/focusable.min.js"></script><script type="text/javascript" charset="utf-8" async="" data-requirecontext="_" data-requiremodule="jquery/ui-modules/form" src="js/form.min.js"></script><script type="text/javascript" charset="utf-8" async="" data-requirecontext="_" data-requiremodule="jquery/ui-modules/ie" src="js/ie.min.js"></script><script type="text/javascript" charset="utf-8" async="" data-requirecontext="_" data-requiremodule="jquery/ui-modules/keycode" src="js/keycode.min.js"></script><script type="text/javascript" charset="utf-8" async="" data-requirecontext="_" data-requiremodule="jquery/ui-modules/labels" src="js/labels.min.js"></script><script type="text/javascript" charset="utf-8" async="" data-requirecontext="_" data-requiremodule="jquery/ui-modules/jquery-patch" src="js/jquery-patch.min.js"></script><script type="text/javascript" charset="utf-8" async="" data-requirecontext="_" data-requiremodule="jquery/ui-modules/plugin" src="js/plugin.min.js"></script><script type="text/javascript" charset="utf-8" async="" data-requirecontext="_" data-requiremodule="jquery/ui-modules/safe-active-element" src="js/safe-active-element.min.js"></script><script type="text/javascript" charset="utf-8" async="" data-requirecontext="_" data-requiremodule="jquery/ui-modules/safe-blur" src="js/safe-blur.min.js"></script><script type="text/javascript" charset="utf-8" async="" data-requirecontext="_" data-requiremodule="jquery/ui-modules/scroll-parent" src="js/scroll-parent.min.js"></script><script type="text/javascript" charset="utf-8" async="" data-requirecontext="_" data-requiremodule="jquery/ui-modules/tabbable" src="js/tabbable.min.js"></script><script type="text/javascript" charset="utf-8" async="" data-requirecontext="_" data-requiremodule="jquery/ui-modules/unique-id" src="js/unique-id.min.js"></script><script type="text/javascript" charset="utf-8" async="" data-requirecontext="_" data-requiremodule="mage/utils/wrapper" src="js/wrapper.min.js"></script><script type="text/javascript" charset="utf-8" async="" data-requirecontext="_" data-requiremodule="mage/utils/main" src="js/main.min.js"></script><script type="text/javascript" charset="utf-8" async="" data-requirecontext="_" data-requiremodule="Magento_Ui/js/lib/key-codes" src="js/key-codes.min.js"></script><script type="text/javascript" charset="utf-8" async="" data-requirecontext="_" data-requiremodule="jquery/z-index" src="js/z-index.min.js"></script><script type="text/javascript" charset="utf-8" async="" data-requirecontext="_" data-requiremodule="Magento_Ui/js/lib/registry/registry" src="js/registry.min.js"></script><script type="text/javascript" charset="utf-8" async="" data-requirecontext="_" data-requiremodule="jquery/ui-modules/effects/effect-size" src="js/effect-size.min.js"></script><script type="text/javascript" charset="utf-8" async="" data-requirecontext="_" data-requiremodule="jquery/ui-modules/widgets/controlgroup" src="js/controlgroup.min.js"></script><script type="text/javascript" charset="utf-8" async="" data-requirecontext="_" data-requiremodule="jquery/ui-modules/widgets/checkboxradio" src="js/checkboxradio.min.js"></script><script type="text/javascript" charset="utf-8" async="" data-requirecontext="_" data-requiremodule="jquery/ui-modules/jquery-var-for-color" src="js/jquery-var-for-color.min.js"></script><script type="text/javascript" charset="utf-8" async="" data-requirecontext="_" data-requiremodule="jquery/ui-modules/vendor/jquery-color/jquery.color" src="js/jquery.color.min.js"></script><script type="text/javascript" charset="utf-8" async="" data-requirecontext="_" data-requiremodule="jquery/ui-modules/form-reset-mixin" src="js/form-reset-mixin.min.js"></script><script type="text/javascript" charset="utf-8" async="" data-requirecontext="_" data-requiremodule="knockoutjs/knockout-repeat" src="js/knockout-repeat.min.js"></script><script type="text/javascript" charset="utf-8" async="" data-requirecontext="_" data-requiremodule="knockoutjs/knockout-fast-foreach" src="js/knockout-fast-foreach.min.js"></script><script type="text/javascript" charset="utf-8" async="" data-requirecontext="_" data-requiremodule="Magento_Ui/js/lib/core/events" src="js/events.min_002.js"></script><style type="text/css" data-aphrodite=""></style><script type="text/javascript" charset="utf-8" async="" data-requirecontext="_" data-requiremodule="js-cookie/js.cookie" src="js/js.cookie.min.js"></script><script type="text/javascript" charset="utf-8" async="" src="js/header.capitan-bundle.786b1ed6d4b6b2e2b000.js"></script><script type="text/javascript" charset="utf-8" async="" src="js/nav-main.capitan-bundle.786b1ed6d4b6b2e2b000.js"></script><script type="text/javascript" charset="utf-8" async="" src="js/nav-mobile.capitan-bundle.786b1ed6d4b6b2e2b000.js"></script><script type="text/javascript" charset="utf-8" async="" src="js/slider.capitan-bundle.786b1ed6d4b6b2e2b000.js"></script><script type="text/javascript" charset="utf-8" async="" src="js/fancybox.capitan-bundle.786b1ed6d4b6b2e2b000.js"></script><script type="text/javascript" charset="utf-8" async="" src="js/custom-select.capitan-bundle.786b1ed6d4b6b2e2b000.js"></script><script type="text/javascript" charset="utf-8" async="" src="js/custom-datepicker.capitan-bundle.786b1ed6d4b6b2e2b000.js"></script><script type="text/javascript" charset="utf-8" async="" src="js/input-counter.capitan-bundle.786b1ed6d4b6b2e2b000.js"></script><script type="text/javascript" charset="utf-8" async="" src="js/form.capitan-bundle.786b1ed6d4b6b2e2b000.js"></script><script type="text/javascript" charset="utf-8" async="" src="js/form-validation.capitan-bundle.786b1ed6d4b6b2e2b000.js"></script><script type="text/javascript" charset="utf-8" async="" src="js/accordion.capitan-bundle.786b1ed6d4b6b2e2b000.js"></script><script type="text/javascript" charset="utf-8" async="" src="js/instagram.capitan-bundle.786b1ed6d4b6b2e2b000.js"></script><script type="text/javascript" charset="utf-8" async="" data-requirecontext="_" data-requiremodule="Magento_Customer/js/section-config" src="js/section-config.min.js"></script><script type="text/javascript" charset="utf-8" async="" data-requirecontext="_" data-requiremodule="mage/url" src="js/url.min.js"></script><script type="text/javascript" charset="utf-8" async="" data-requirecontext="_" data-requiremodule="mage/storage" src="js/storage.min.js"></script><script type="text/javascript" charset="utf-8" async="" data-requirecontext="_" data-requiremodule="jquery/jquery-storageapi" src="js/storage-wrapper.min.js"></script><script type="text/javascript" charset="utf-8" async="" data-requirecontext="_" data-requiremodule="Magento_Ui/js/lib/logger/console-logger" src="js/console-logger.min.js"></script><script type="text/javascript" charset="utf-8" async="" data-requirecontext="_" data-requiremodule="Magento_Ui/js/lib/knockout/template/observable_source" src="js/observable_source.min.js"></script><script type="text/javascript" charset="utf-8" async="" data-requirecontext="_" data-requiremodule="Magento_Ui/js/lib/knockout/template/renderer" src="js/renderer.min.js"></script><script type="text/javascript" charset="utf-8" async="" data-requirecontext="_" data-requiremodule="Magento_Ui/js/lib/knockout/bindings/resizable" src="js/resizable.min_002.js"></script><script type="text/javascript" charset="utf-8" async="" data-requirecontext="_" data-requiremodule="Magento_Ui/js/lib/knockout/bindings/i18n" src="js/i18n.min.js"></script><script type="text/javascript" charset="utf-8" async="" data-requirecontext="_" data-requiremodule="Magento_Ui/js/lib/knockout/bindings/scope" src="js/scope.min.js"></script><script type="text/javascript" charset="utf-8" async="" data-requirecontext="_" data-requiremodule="Magento_Ui/js/lib/knockout/bindings/range" src="js/range.min.js"></script><script type="text/javascript" charset="utf-8" async="" data-requirecontext="_" data-requiremodule="Magento_Ui/js/lib/knockout/bindings/mage-init" src="js/mage-init.min.js"></script><script type="text/javascript" charset="utf-8" async="" data-requirecontext="_" data-requiremodule="Magento_Ui/js/lib/knockout/bindings/keyboard" src="js/keyboard.min.js"></script><script type="text/javascript" charset="utf-8" async="" data-requirecontext="_" data-requiremodule="Magento_Ui/js/lib/knockout/bindings/optgroup" src="js/optgroup.min.js"></script><script type="text/javascript" charset="utf-8" async="" data-requirecontext="_" data-requiremodule="Magento_Ui/js/lib/knockout/bindings/after-render" src="js/after-render.min.js"></script><script type="text/javascript" charset="utf-8" async="" data-requirecontext="_" data-requiremodule="Magento_Ui/js/lib/knockout/bindings/autoselect" src="js/autoselect.min.js"></script><script type="text/javascript" charset="utf-8" async="" data-requirecontext="_" data-requiremodule="Magento_Ui/js/lib/knockout/bindings/datepicker" src="js/datepicker.min.js"></script><script type="text/javascript" charset="utf-8" async="" data-requirecontext="_" data-requiremodule="Magento_Ui/js/lib/knockout/bindings/outer_click" src="js/outer_click.min.js"></script><script type="text/javascript" charset="utf-8" async="" data-requirecontext="_" data-requiremodule="Magento_Ui/js/lib/knockout/bindings/fadeVisible" src="js/fadeVisible.min.js"></script><script type="text/javascript" charset="utf-8" async="" data-requirecontext="_" data-requiremodule="Magento_Ui/js/lib/knockout/bindings/collapsible" src="js/collapsible.min_002.js"></script><script type="text/javascript" charset="utf-8" async="" data-requirecontext="_" data-requiremodule="Magento_Ui/js/lib/knockout/bindings/staticChecked" src="js/staticChecked.min.js"></script><script type="text/javascript" charset="utf-8" async="" data-requirecontext="_" data-requiremodule="Magento_Ui/js/lib/knockout/bindings/simple-checked" src="js/simple-checked.min.js"></script><script type="text/javascript" charset="utf-8" async="" data-requirecontext="_" data-requiremodule="Magento_Ui/js/lib/knockout/bindings/bind-html" src="js/bind-html.min.js"></script><script type="text/javascript" charset="utf-8" async="" data-requirecontext="_" data-requiremodule="Magento_Ui/js/lib/knockout/bindings/tooltip" src="js/tooltip.min.js"></script><script type="text/javascript" charset="utf-8" async="" data-requirecontext="_" data-requiremodule="Magento_Ui/js/lib/knockout/bindings/color-picker" src="js/color-picker.min.js"></script><script type="text/javascript" charset="utf-8" async="" src="js/slick-slider.capitan-bundle.786b1ed6d4b6b2e2b000.js"></script><script type="text/javascript" charset="utf-8" async="" data-requirecontext="_" data-requiremodule="js-storage/js.storage" src="js/js.storage.min.js"></script><script type="text/javascript" charset="utf-8" async="" data-requirecontext="_" data-requiremodule="Magento_Ui/js/lib/core/storage/local" src="js/local.min.js"></script><script type="text/javascript" charset="utf-8" async="" data-requirecontext="_" data-requiremodule="Magento_Ui/js/lib/core/class" src="js/class.min.js"></script><script type="text/javascript" charset="utf-8" async="" data-requirecontext="_" data-requiremodule="Magento_Ui/js/lib/view/utils/async" src="js/async.min.js"></script><style type="text/css">body.fancybox-active{overflow:hidden}body.fancybox-iosfix{position:fixed;left:0;right:0}.fancybox-is-hidden{position:absolute;top:-9999px;left:-9999px;visibility:hidden}.fancybox-container{position:fixed;top:0;left:0;width:100%;height:100%;z-index:99992;-webkit-tap-highlight-color:transparent;-webkit-backface-visibility:hidden;backface-visibility:hidden;-webkit-transform:translateZ(0);transform:translateZ(0);font-family:-apple-system,BlinkMacSystemFont,Segoe UI,Roboto,Helvetica Neue,Arial,sans-serif}.fancybox-bg,.fancybox-inner,.fancybox-outer,.fancybox-stage{position:absolute;top:0;right:0;bottom:0;left:0}.fancybox-outer{overflow-y:auto;-webkit-overflow-scrolling:touch}.fancybox-bg{background:#1e1e1e;opacity:0;transition-duration:inherit;transition-property:opacity;transition-timing-function:cubic-bezier(.47,0,.74,.71)}.fancybox-is-open .fancybox-bg{opacity:.87;transition-timing-function:cubic-bezier(.22,.61,.36,1)}.fancybox-caption-wrap,.fancybox-infobar,.fancybox-toolbar{position:absolute;direction:ltr;z-index:99997;opacity:0;visibility:hidden;transition:opacity .25s,visibility 0s linear .25s;box-sizing:border-box}.fancybox-show-caption .fancybox-caption-wrap,.fancybox-show-infobar .fancybox-infobar,.fancybox-show-toolbar .fancybox-toolbar{opacity:1;visibility:visible;transition:opacity .25s,visibility 0s}.fancybox-infobar{top:0;left:0;font-size:13px;padding:0 10px;height:44px;min-width:44px;line-height:44px;color:#ccc;text-align:center;pointer-events:none;-webkit-user-select:none;-moz-user-select:none;-ms-user-select:none;user-select:none;-webkit-touch-callout:none;-webkit-tap-highlight-color:transparent;-webkit-font-smoothing:subpixel-antialiased;mix-blend-mode:exclusion}.fancybox-toolbar{top:0;right:0;margin:0;padding:0}.fancybox-stage{overflow:hidden;direction:ltr;z-index:99994;-webkit-transform:translateZ(0)}.fancybox-is-closing .fancybox-stage{overflow:visible}.fancybox-slide{position:absolute;top:0;left:0;width:100%;height:100%;margin:0;padding:0;overflow:auto;outline:none;white-space:normal;box-sizing:border-box;text-align:center;z-index:99994;-webkit-overflow-scrolling:touch;display:none;-webkit-backface-visibility:hidden;backface-visibility:hidden;transition-property:opacity,-webkit-transform;transition-property:transform,opacity;transition-property:transform,opacity,-webkit-transform}.fancybox-slide:before{content:"";display:inline-block;vertical-align:middle;height:100%;width:0}.fancybox-is-sliding .fancybox-slide,.fancybox-slide--current,.fancybox-slide--next,.fancybox-slide--previous{display:block}.fancybox-slide--image{overflow:visible}.fancybox-slide--image:before{display:none}.fancybox-slide--video .fancybox-content,.fancybox-slide--video iframe{background:#000}.fancybox-slide--map .fancybox-content,.fancybox-slide--map iframe{background:#e5e3df}.fancybox-slide--next{z-index:99995}.fancybox-slide>*{display:inline-block;position:relative;padding:24px;margin:44px 0;border-width:0;vertical-align:middle;text-align:left;background-color:#fff;overflow:auto;box-sizing:border-box}.fancybox-slide>base,.fancybox-slide>link,.fancybox-slide>meta,.fancybox-slide>script,.fancybox-slide>style,.fancybox-slide>title{display:none}.fancybox-slide .fancybox-image-wrap{position:absolute;top:0;left:0;margin:0;padding:0;border:0;z-index:99995;background:transparent;cursor:default;overflow:visible;-webkit-transform-origin:top left;transform-origin:top left;background-size:100% 100%;background-repeat:no-repeat;-webkit-backface-visibility:hidden;backface-visibility:hidden;-webkit-user-select:none;-moz-user-select:none;-ms-user-select:none;user-select:none;transition-property:opacity,-webkit-transform;transition-property:transform,opacity;transition-property:transform,opacity,-webkit-transform}.fancybox-can-zoomOut .fancybox-image-wrap{cursor:zoom-out}.fancybox-can-zoomIn .fancybox-image-wrap{cursor:zoom-in}.fancybox-can-drag .fancybox-image-wrap{cursor:-webkit-grab;cursor:grab}.fancybox-is-dragging .fancybox-image-wrap{cursor:-webkit-grabbing;cursor:grabbing}.fancybox-image,.fancybox-spaceball{position:absolute;top:0;left:0;width:100%;height:100%;margin:0;padding:0;border:0;max-width:none;max-height:none;-webkit-user-select:none;-moz-user-select:none;-ms-user-select:none;user-select:none}.fancybox-spaceball{z-index:1}.fancybox-slide--iframe .fancybox-content{padding:0;width:80%;height:80%;max-width:calc(100% - 100px);max-height:calc(100% - 88px);overflow:visible;background:#fff}.fancybox-iframe{display:block;padding:0;border:0;height:100%}.fancybox-error,.fancybox-iframe{margin:0;width:100%;background:#fff}.fancybox-error{padding:40px;max-width:380px;cursor:default}.fancybox-error p{margin:0;padding:0;color:#444;font-size:16px;line-height:20px}.fancybox-button{box-sizing:border-box;display:inline-block;vertical-align:top;width:44px;height:44px;margin:0;padding:10px;border:0;border-radius:0;background:rgba(30,30,30,.6);transition:color .3s ease;cursor:pointer;outline:none}.fancybox-button,.fancybox-button:link,.fancybox-button:visited{color:#ccc}.fancybox-button:focus,.fancybox-button:hover{color:#fff}.fancybox-button[disabled]{color:#ccc;cursor:default;opacity:.6}.fancybox-button svg{display:block;position:relative;overflow:visible;shape-rendering:geometricPrecision}.fancybox-button svg path{fill:currentColor;stroke:currentColor;stroke-linejoin:round;stroke-width:3}.fancybox-button--share svg path{stroke-width:1}.fancybox-button--pause svg path:first-child,.fancybox-button--play svg path:nth-child(2){display:none}.fancybox-button--zoom svg path{fill:transparent}.fancybox-navigation{display:none}.fancybox-show-nav .fancybox-navigation{display:block}.fancybox-navigation button{position:absolute;top:50%;margin:-50px 0 0;z-index:99997;background:transparent;width:60px;height:100px;padding:17px}.fancybox-navigation button:before{content:"";position:absolute;top:30px;right:10px;width:40px;height:40px;background:rgba(30,30,30,.6)}.fancybox-navigation .fancybox-button--arrow_left{left:0}.fancybox-navigation .fancybox-button--arrow_right{right:0}.fancybox-close-small{position:absolute;top:0;right:0;width:44px;height:44px;padding:0;margin:0;border:0;border-radius:0;background:transparent;z-index:10;cursor:pointer}.fancybox-close-small:after{content:"\D7";position:absolute;top:5px;right:5px;width:30px;height:30px;font:20px/30px Arial,Helvetica Neue,Helvetica,sans-serif;color:#888;font-weight:300;text-align:center;border-radius:50%;border-width:0;background-color:transparent;transition:background-color .25s;box-sizing:border-box;z-index:2}.fancybox-close-small:focus{outline:none}.fancybox-close-small:focus:after{outline:1px dotted #888}.fancybox-close-small:hover:after{color:#555;background:#eee}.fancybox-slide--iframe .fancybox-close-small,.fancybox-slide--image .fancybox-close-small{top:0;right:-44px}.fancybox-slide--iframe .fancybox-close-small:after,.fancybox-slide--image .fancybox-close-small:after{font-size:35px;color:#aaa}.fancybox-slide--iframe .fancybox-close-small:hover:after,.fancybox-slide--image .fancybox-close-small:hover:after{color:#fff;background:transparent}.fancybox-is-scaling .fancybox-close-small,.fancybox-is-zoomable.fancybox-can-drag .fancybox-close-small{display:none}.fancybox-caption-wrap{bottom:0;left:0;right:0;padding:60px 2vw 0;background:linear-gradient(180deg,transparent,rgba(0,0,0,.1) 20%,rgba(0,0,0,.2) 40%,rgba(0,0,0,.6) 80%,rgba(0,0,0,.8));pointer-events:none}.fancybox-caption{padding:30px 0;border-top:1px solid hsla(0,0%,100%,.4);font-size:14px;color:#fff;line-height:20px;-webkit-text-size-adjust:none}.fancybox-caption a,.fancybox-caption button,.fancybox-caption select{pointer-events:all;position:relative}.fancybox-caption a{color:#fff;text-decoration:underline}.fancybox-slide>.fancybox-loading{border:6px solid rgba(99,99,99,.4);border-top:6px solid hsla(0,0%,100%,.6);border-radius:100%;height:50px;width:50px;-webkit-animation:a .8s infinite linear;animation:a .8s infinite linear;background:transparent;position:absolute;top:50%;left:50%;margin-top:-30px;margin-left:-30px;z-index:99999}@-webkit-keyframes a{0%{-webkit-transform:rotate(0deg);transform:rotate(0deg)}to{-webkit-transform:rotate(359deg);transform:rotate(359deg)}}@keyframes a{0%{-webkit-transform:rotate(0deg);transform:rotate(0deg)}to{-webkit-transform:rotate(359deg);transform:rotate(359deg)}}.fancybox-animated{transition-timing-function:cubic-bezier(0,0,.25,1)}.fancybox-fx-slide.fancybox-slide--previous{-webkit-transform:translate3d(-100%,0,0);transform:translate3d(-100%,0,0);opacity:0}.fancybox-fx-slide.fancybox-slide--next{-webkit-transform:translate3d(100%,0,0);transform:translate3d(100%,0,0);opacity:0}.fancybox-fx-slide.fancybox-slide--current{-webkit-transform:translateZ(0);transform:translateZ(0);opacity:1}.fancybox-fx-fade.fancybox-slide--next,.fancybox-fx-fade.fancybox-slide--previous{opacity:0;transition-timing-function:cubic-bezier(.19,1,.22,1)}.fancybox-fx-fade.fancybox-slide--current{opacity:1}.fancybox-fx-zoom-in-out.fancybox-slide--previous{-webkit-transform:scale3d(1.5,1.5,1.5);transform:scale3d(1.5,1.5,1.5);opacity:0}.fancybox-fx-zoom-in-out.fancybox-slide--next{-webkit-transform:scale3d(.5,.5,.5);transform:scale3d(.5,.5,.5);opacity:0}.fancybox-fx-zoom-in-out.fancybox-slide--current{-webkit-transform:scaleX(1);transform:scaleX(1);opacity:1}.fancybox-fx-rotate.fancybox-slide--previous{-webkit-transform:rotate(-1turn);transform:rotate(-1turn);opacity:0}.fancybox-fx-rotate.fancybox-slide--next{-webkit-transform:rotate(1turn);transform:rotate(1turn);opacity:0}.fancybox-fx-rotate.fancybox-slide--current{-webkit-transform:rotate(0deg);transform:rotate(0deg);opacity:1}.fancybox-fx-circular.fancybox-slide--previous{-webkit-transform:scale3d(0,0,0) translate3d(-100%,0,0);transform:scale3d(0,0,0) translate3d(-100%,0,0);opacity:0}.fancybox-fx-circular.fancybox-slide--next{-webkit-transform:scale3d(0,0,0) translate3d(100%,0,0);transform:scale3d(0,0,0) translate3d(100%,0,0);opacity:0}.fancybox-fx-circular.fancybox-slide--current{-webkit-transform:scaleX(1) translateZ(0);transform:scaleX(1) translateZ(0);opacity:1}.fancybox-fx-tube.fancybox-slide--previous{-webkit-transform:translate3d(-100%,0,0) scale(.1) skew(-10deg);transform:translate3d(-100%,0,0) scale(.1) skew(-10deg)}.fancybox-fx-tube.fancybox-slide--next{-webkit-transform:translate3d(100%,0,0) scale(.1) skew(10deg);transform:translate3d(100%,0,0) scale(.1) skew(10deg)}.fancybox-fx-tube.fancybox-slide--current{-webkit-transform:translateZ(0) scale(1);transform:translateZ(0) scale(1)}.fancybox-share{padding:30px;border-radius:3px;background:#f4f4f4;max-width:90%}.fancybox-share h1{color:#222;margin:0 0 20px;font-size:33px;font-weight:700;text-align:center}.fancybox-share p{margin:0;padding:0;text-align:center}.fancybox-share p:first-of-type{margin-right:-10px}.fancybox-share_button{display:inline-block;text-decoration:none;margin:0 10px 10px 0;padding:10px 20px;border:0;border-radius:3px;box-shadow:0 2px 2px 0 rgba(0,0,0,.16);background:#fff;white-space:nowrap;font-size:16px;line-height:23px;-webkit-user-select:none;-moz-user-select:none;-ms-user-select:none;user-select:none;min-width:140px;color:#707070;transition:all .2s}.fancybox-share_button:focus,.fancybox-share_button:hover{text-decoration:none;color:#333;box-shadow:0 2px 2px 0 rgba(0,0,0,.3)}.fancybox-share_button svg{margin-right:5px;width:20px;height:20px;vertical-align:text-bottom}.fancybox-share input{box-sizing:border-box;width:100%;margin:5px 0 0;padding:10px 15px;border:1px solid #d7d7d7;border-radius:3px;background:#ebebeb;color:#5d5b5b;font-size:14px;outline:none}.fancybox-thumbs{display:none;position:absolute;top:0;bottom:0;right:0;width:212px;margin:0;padding:2px 2px 4px;background:#fff;-webkit-tap-highlight-color:transparent;-webkit-overflow-scrolling:touch;-ms-overflow-style:-ms-autohiding-scrollbar;box-sizing:border-box;z-index:99995}.fancybox-thumbs-x{overflow-y:hidden;overflow-x:auto}.fancybox-show-thumbs .fancybox-thumbs{display:block}.fancybox-show-thumbs .fancybox-inner{right:212px}.fancybox-thumbs>ul{list-style:none;position:absolute;position:relative;width:100%;height:100%;margin:0;padding:0;overflow-x:hidden;overflow-y:auto;font-size:0;white-space:nowrap}.fancybox-thumbs-x>ul{overflow:hidden}.fancybox-thumbs-y>ul::-webkit-scrollbar{width:7px}.fancybox-thumbs-y>ul::-webkit-scrollbar-track{background:#fff;border-radius:10px;box-shadow:inset 0 0 6px rgba(0,0,0,.3)}.fancybox-thumbs-y>ul::-webkit-scrollbar-thumb{background:#2a2a2a;border-radius:10px}.fancybox-thumbs>ul>li{float:left;overflow:hidden;padding:0;margin:2px;width:100px;height:75px;max-width:calc(50% - 4px);max-height:calc(100% - 8px);position:relative;cursor:pointer;outline:none;-webkit-tap-highlight-color:transparent;-webkit-backface-visibility:hidden;backface-visibility:hidden;box-sizing:border-box}li.fancybox-thumbs-loading{background:rgba(0,0,0,.1)}.fancybox-thumbs>ul>li>img{position:absolute;top:0;left:0;max-width:none;max-height:none;-webkit-touch-callout:none;-webkit-user-select:none;-moz-user-select:none;-ms-user-select:none;user-select:none}.fancybox-thumbs>ul>li:before{content:"";position:absolute;top:0;right:0;bottom:0;left:0;border:4px solid #4ea7f9;z-index:99991;opacity:0;transition:all .2s cubic-bezier(.25,.46,.45,.94)}.fancybox-thumbs>ul>li.fancybox-thumbs-active:before{opacity:1}@media (max-width:800px){.fancybox-thumbs{width:110px}.fancybox-show-thumbs .fancybox-inner{right:110px}.fancybox-thumbs>ul>li{max-width:calc(100% - 10px)}}</style><style type="text/css">.tooltipster-fall,.tooltipster-grow.tooltipster-show{-webkit-transition-timing-function:cubic-bezier(.175,.885,.32,1);-moz-transition-timing-function:cubic-bezier(.175,.885,.32,1.15);-ms-transition-timing-function:cubic-bezier(.175,.885,.32,1.15);-o-transition-timing-function:cubic-bezier(.175,.885,.32,1.15)}.tooltipster-base{display:flex;pointer-events:none;position:absolute}.tooltipster-box{flex:1 1 auto}.tooltipster-content{box-sizing:border-box;max-height:100%;max-width:100%;overflow:auto}.tooltipster-ruler{bottom:0;left:0;overflow:hidden;position:fixed;right:0;top:0;visibility:hidden}.tooltipster-fade{opacity:0;-webkit-transition-property:opacity;-moz-transition-property:opacity;-o-transition-property:opacity;-ms-transition-property:opacity;transition-property:opacity}.tooltipster-fade.tooltipster-show{opacity:1}.tooltipster-grow{-webkit-transform:scale(0);-moz-transform:scale(0);-o-transform:scale(0);-ms-transform:scale(0);transform:scale(0);-webkit-transition-property:-webkit-transform;-moz-transition-property:-moz-transform;-o-transition-property:-o-transform;-ms-transition-property:-ms-transform;transition-property:transform;-webkit-backface-visibility:hidden}.tooltipster-grow.tooltipster-show{-webkit-transform:scale(1);-moz-transform:scale(1);-o-transform:scale(1);-ms-transform:scale(1);transform:scale(1);-webkit-transition-timing-function:cubic-bezier(.175,.885,.32,1.15);transition-timing-function:cubic-bezier(.175,.885,.32,1.15)}.tooltipster-swing{opacity:0;-webkit-transform:rotate(4deg);-moz-transform:rotate(4deg);-o-transform:rotate(4deg);-ms-transform:rotate(4deg);transform:rotate(4deg);-webkit-transition-property:-webkit-transform,opacity;-moz-transition-property:-moz-transform;-o-transition-property:-o-transform;-ms-transition-property:-ms-transform;transition-property:transform}.tooltipster-swing.tooltipster-show{opacity:1;-webkit-transform:rotate(0);-moz-transform:rotate(0);-o-transform:rotate(0);-ms-transform:rotate(0);transform:rotate(0);-webkit-transition-timing-function:cubic-bezier(.23,.635,.495,1);-webkit-transition-timing-function:cubic-bezier(.23,.635,.495,2.4);-moz-transition-timing-function:cubic-bezier(.23,.635,.495,2.4);-ms-transition-timing-function:cubic-bezier(.23,.635,.495,2.4);-o-transition-timing-function:cubic-bezier(.23,.635,.495,2.4);transition-timing-function:cubic-bezier(.23,.635,.495,2.4)}.tooltipster-fall{-webkit-transition-property:top;-moz-transition-property:top;-o-transition-property:top;-ms-transition-property:top;transition-property:top;-webkit-transition-timing-function:cubic-bezier(.175,.885,.32,1.15);transition-timing-function:cubic-bezier(.175,.885,.32,1.15)}.tooltipster-fall.tooltipster-initial{top:0!important}.tooltipster-fall.tooltipster-dying{-webkit-transition-property:all;-moz-transition-property:all;-o-transition-property:all;-ms-transition-property:all;transition-property:all;top:0!important;opacity:0}.tooltipster-slide{-webkit-transition-property:left;-moz-transition-property:left;-o-transition-property:left;-ms-transition-property:left;transition-property:left;-webkit-transition-timing-function:cubic-bezier(.175,.885,.32,1);-webkit-transition-timing-function:cubic-bezier(.175,.885,.32,1.15);-moz-transition-timing-function:cubic-bezier(.175,.885,.32,1.15);-ms-transition-timing-function:cubic-bezier(.175,.885,.32,1.15);-o-transition-timing-function:cubic-bezier(.175,.885,.32,1.15);transition-timing-function:cubic-bezier(.175,.885,.32,1.15)}.tooltipster-slide.tooltipster-initial{left:-40px!important}.tooltipster-slide.tooltipster-dying{-webkit-transition-property:all;-moz-transition-property:all;-o-transition-property:all;-ms-transition-property:all;transition-property:all;left:0!important;opacity:0}@keyframes tooltipster-fading{0%{opacity:0}to{opacity:1}}.tooltipster-update-fade{animation:tooltipster-fading .4s}@keyframes tooltipster-rotating{25%{transform:rotate(-2deg)}75%{transform:rotate(2deg)}to{transform:rotate(0)}}.tooltipster-update-rotate{animation:tooltipster-rotating .6s}@keyframes tooltipster-scaling{50%{transform:scale(1.1)}to{transform:scale(1)}}.tooltipster-update-scale{animation:tooltipster-scaling .6s}.tooltipster-sidetip .tooltipster-box{background:#565656;border:2px solid #000;border-radius:4px}.tooltipster-sidetip.tooltipster-bottom .tooltipster-box{margin-top:8px}.tooltipster-sidetip.tooltipster-left .tooltipster-box{margin-right:8px}.tooltipster-sidetip.tooltipster-right .tooltipster-box{margin-left:8px}.tooltipster-sidetip.tooltipster-top .tooltipster-box{margin-bottom:8px}.tooltipster-sidetip .tooltipster-content{color:#fff;line-height:18px;padding:6px 14px}.tooltipster-sidetip .tooltipster-arrow{overflow:hidden;position:absolute}.tooltipster-sidetip.tooltipster-bottom .tooltipster-arrow{height:10px;margin-left:-10px;top:0;width:20px}.tooltipster-sidetip.tooltipster-left .tooltipster-arrow{height:20px;margin-top:-10px;right:0;top:0;width:10px}.tooltipster-sidetip.tooltipster-right .tooltipster-arrow{height:20px;margin-top:-10px;left:0;top:0;width:10px}.tooltipster-sidetip.tooltipster-top .tooltipster-arrow{bottom:0;height:10px;margin-left:-10px;width:20px}.tooltipster-sidetip .tooltipster-arrow-background,.tooltipster-sidetip .tooltipster-arrow-border{height:0;position:absolute;width:0}.tooltipster-sidetip .tooltipster-arrow-background{border:10px solid transparent}.tooltipster-sidetip.tooltipster-bottom .tooltipster-arrow-background{border-bottom-color:#565656;left:0;top:3px}.tooltipster-sidetip.tooltipster-left .tooltipster-arrow-background{border-left-color:#565656;left:-3px;top:0}.tooltipster-sidetip.tooltipster-right .tooltipster-arrow-background{border-right-color:#565656;left:3px;top:0}.tooltipster-sidetip.tooltipster-top .tooltipster-arrow-background{border-top-color:#565656;left:0;top:-3px}.tooltipster-sidetip .tooltipster-arrow-border{border:10px solid transparent;left:0;top:0}.tooltipster-sidetip.tooltipster-bottom .tooltipster-arrow-border{border-bottom-color:#000}.tooltipster-sidetip.tooltipster-left .tooltipster-arrow-border{border-left-color:#000}.tooltipster-sidetip.tooltipster-right .tooltipster-arrow-border{border-right-color:#000}.tooltipster-sidetip.tooltipster-top .tooltipster-arrow-border{border-top-color:#000}.tooltipster-sidetip .tooltipster-arrow-uncropped{position:relative}.tooltipster-sidetip.tooltipster-bottom .tooltipster-arrow-uncropped{top:-10px}.tooltipster-sidetip.tooltipster-right .tooltipster-arrow-uncropped{left:-10px}</style><script type="text/javascript" charset="utf-8" async="" data-requirecontext="_" data-requiremodule="spectrum" src="js/spectrum.min.js"></script><script type="text/javascript" charset="utf-8" async="" data-requirecontext="_" data-requiremodule="tinycolor" src="js/tinycolor.min.js"></script><script type="text/javascript" charset="utf-8" async="" data-requirecontext="_" data-requiremodule="mage/utils/arrays" src="js/arrays.min.js"></script><script type="text/javascript" charset="utf-8" async="" data-requirecontext="_" data-requiremodule="mage/utils/compare" src="js/compare.min.js"></script><script type="text/javascript" charset="utf-8" async="" data-requirecontext="_" data-requiremodule="mage/utils/misc" src="js/misc.min.js"></script><script type="text/javascript" charset="utf-8" async="" data-requirecontext="_" data-requiremodule="mage/utils/objects" src="js/objects.min.js"></script><script type="text/javascript" charset="utf-8" async="" data-requirecontext="_" data-requiremodule="mage/utils/strings" src="js/strings.min.js"></script><script type="text/javascript" charset="utf-8" async="" data-requirecontext="_" data-requiremodule="mage/utils/template" src="js/template.min_002.js"></script><script type="text/javascript" charset="utf-8" async="" data-requirecontext="_" data-requiremodule="Magento_Ui/js/lib/logger/logger" src="js/logger.min.js"></script><script type="text/javascript" charset="utf-8" async="" data-requirecontext="_" data-requiremodule="Magento_Ui/js/lib/logger/entry-factory" src="js/entry-factory.min.js"></script><script type="text/javascript" charset="utf-8" async="" data-requirecontext="_" data-requiremodule="Magento_Ui/js/lib/logger/console-output-handler" src="js/console-output-handler.min.js"></script><script type="text/javascript" charset="utf-8" async="" data-requirecontext="_" data-requiremodule="Magento_Ui/js/lib/logger/formatter" src="js/formatter.min.js"></script><script type="text/javascript" charset="utf-8" async="" data-requirecontext="_" data-requiremodule="Magento_Ui/js/lib/logger/message-pool" src="js/message-pool.min.js"></script><script type="text/javascript" charset="utf-8" async="" data-requirecontext="_" data-requiremodule="Magento_Ui/js/lib/logger/levels-pool" src="js/levels-pool.min.js"></script><script type="text/javascript" charset="utf-8" async="" data-requirecontext="_" data-requiremodule="Magento_Ui/js/lib/logger/logger-utils" src="js/logger-utils.min.js"></script><style type="text/css">.slick-slider{box-sizing:border-box;-webkit-user-select:none;-moz-user-select:none;-ms-user-select:none;user-select:none;-webkit-touch-callout:none;-khtml-user-select:none;-ms-touch-action:pan-y;touch-action:pan-y;-webkit-tap-highlight-color:transparent}.slick-list,.slick-slider{position:relative;display:block}.slick-list{overflow:hidden;margin:0;padding:0}.slick-list:focus{outline:none}.slick-list.dragging{cursor:pointer;cursor:hand}.slick-slider .slick-list,.slick-slider .slick-track{-webkit-transform:translateZ(0);-moz-transform:translateZ(0);-ms-transform:translateZ(0);-o-transform:translateZ(0);transform:translateZ(0)}.slick-track{position:relative;top:0;left:0;display:block;margin-left:auto;margin-right:auto}.slick-track:after,.slick-track:before{display:table;content:""}.slick-track:after{clear:both}.slick-loading .slick-track{visibility:hidden}.slick-slide{display:none;float:left;height:100%;min-height:1px}[dir=rtl] .slick-slide{float:right}.slick-slide img{display:block}.slick-slide.slick-loading img{display:none}.slick-slide.dragging img{pointer-events:none}.slick-initialized .slick-slide{display:block}.slick-loading .slick-slide{visibility:hidden}.slick-vertical .slick-slide{display:block;height:auto;border:1px solid transparent}.slick-arrow.slick-hidden{display:none}</style><script type="text/javascript" charset="utf-8" async="" data-requirecontext="_" data-requiremodule="moment" src="js/moment.min.js"></script><script type="text/javascript" charset="utf-8" async="" data-requirecontext="_" data-requiremodule="Magento_Ui/js/lib/knockout/template/loader" src="js/loader.min.js"></script><script type="text/javascript" charset="utf-8" async="" data-requirecontext="_" data-requiremodule="Magento_Ui/js/lib/view/utils/dom-observer" src="js/dom-observer.min.js"></script><script type="text/javascript" charset="utf-8" async="" data-requirecontext="_" data-requiremodule="Magento_Ui/js/lib/view/utils/bindings" src="js/bindings.min.js"></script><script type="text/javascript" charset="utf-8" async="" data-requirecontext="_" data-requiremodule="Magento_Ui/js/lib/logger/entry" src="js/entry.min.js"></script><script type="text/javascript" charset="utf-8" async="" data-requirecontext="_" data-requiremodule="mage/loader" src="js/loader.min_002.js"></script><script type="text/javascript" charset="utf-8" async="" data-requirecontext="_" data-requiremodule="Magento_PageCache/js/page-cache" src="js/page-cache.min.js"></script><script type="text/javascript" charset="utf-8" async="" data-requirecontext="_" data-requiremodule="mage/tabs" src="js/tabs.min.js"></script><script type="text/javascript" charset="utf-8" async="" data-requirecontext="_" data-requiremodule="Smile_ElasticsuiteCore/js/form-mini" src="js/form-mini.min.js"></script><script type="text/javascript" charset="utf-8" async="" data-requirecontext="_" data-requiremodule="mage/dropdown" src="js/dropdown.min.js"></script><script type="text/javascript" charset="utf-8" async="" data-requirecontext="_" data-requiremodule="Ebizmarts_MailChimp/js/campaigncatcher" src="js/campaigncatcher.min.js"></script><script type="text/javascript" charset="utf-8" async="" data-requirecontext="_" data-requiremodule="Magento_Catalog/js/customCatalogAddToCart" src="js/customCatalogAddToCart.min.js"></script><script type="text/javascript" charset="utf-8" async="" data-requirecontext="_" data-requiremodule="mageplaza/instagram" src="js/instagram.min.js"></script><script type="text/javascript" charset="utf-8" async="" data-requirecontext="_" data-requiremodule="mage/validation/validation" src="js/validation.min.js"></script><script type="text/javascript" charset="utf-8" async="" data-requirecontext="_" data-requiremodule="Magento_Ui/js/block-loader" src="js/block-loader.min.js"></script><script type="text/javascript" charset="utf-8" async="" data-requirecontext="_" data-requiremodule="Magento_PageBuilder/js/widget-initializer" src="js/widget-initializer.min.js"></script><script type="text/javascript" charset="utf-8" async="" data-requirecontext="_" data-requiremodule="Magento_Theme/js/cookie-status" src="js/cookie-status.min.js"></script><script type="text/javascript" charset="utf-8" async="" data-requirecontext="_" data-requiremodule="Magento_GoogleTagManager/js/google-tag-manager-cart" src="js/google-tag-manager-cart.min.js"></script><script type="text/javascript" charset="utf-8" async="" data-requirecontext="_" data-requiremodule="Magento_Customer/js/invalidation-processor" src="js/invalidation-processor.min.js"></script><script type="text/javascript" charset="utf-8" async="" data-requirecontext="_" data-requiremodule="Magento_Banner/js/model/banner" src="js/banner.min.js"></script><script type="text/javascript" charset="utf-8" async="" data-requirecontext="_" data-requiremodule="Bss_Popup/js/initpopup" src="js/initpopup.min.js"></script><script type="text/javascript" charset="utf-8" async="" data-requirecontext="_" data-requiremodule="mage/collapsible" src="js/collapsible.min.js"></script><script type="text/javascript" charset="utf-8" async="" data-requirecontext="_" data-requiremodule="Magento_GoogleTagManager/js/google-tag-manager" src="js/google-tag-manager.min.js"></script><script type="text/javascript" charset="utf-8" async="" data-requirecontext="_" data-requiremodule="CustomGento_Cookiebot/js/google-tagmanager-mixin" src="js/google-tagmanager-mixin.min.js"></script><script type="text/javascript" charset="utf-8" async="" data-requirecontext="_" data-requiremodule="Mageplaza_InstagramFeed/js/lib/shuffle.min" src="js/shuffle.min.js"></script><script type="text/javascript" charset="utf-8" async="" data-requirecontext="_" data-requiremodule="Mageplaza_InstagramFeed/js/lib/imagesloaded.pkgd.min" src="js/imagesloaded.pkgd.min.js"></script><script type="text/javascript" charset="utf-8" async="" data-requirecontext="_" data-requiremodule="mage/validation" src="js/validation.min_002.js"></script><script type="text/javascript" charset="utf-8" async="" data-requirecontext="_" data-requiremodule="Magento_GoogleTagManager/js/google-analytics-universal" src="js/google-analytics-universal.min.js"></script><script type="text/javascript" charset="utf-8" async="" data-requirecontext="_" data-requiremodule="Magento_GoogleTagManager/js/google-analytics-universal-cart" src="js/google-analytics-universal-cart.min.js"></script><script type="text/javascript" charset="utf-8" async="" data-requirecontext="_" data-requiremodule="Magento_Ui/js/lib/core/element/element" src="js/element.min.js"></script><script type="text/javascript" charset="utf-8" async="" data-requirecontext="_" data-requiremodule="Bss_Popup/js/mfpopup" src="js/mfpopup.min.js"></script><script type="text/javascript" charset="utf-8" async="" data-requirecontext="_" data-requiremodule="mage/trim-input" src="js/trim-input.min.js"></script><script type="text/javascript" charset="utf-8" async="" data-requirecontext="_" data-requiremodule="Magento_Customer/js/view/customer-account-link" src="js/customer-account-link.min.js"></script><script type="text/javascript" charset="utf-8" async="" data-requirecontext="_" data-requiremodule="jquery/validate" src="js/jquery.validate.min.js"></script><script type="text/javascript" charset="utf-8" async="" data-requirecontext="_" data-requiremodule="Magento_Ui/js/lib/core/collection" src="js/collection.min.js"></script><script type="text/javascript" charset="utf-8" async="" data-requirecontext="_" data-requiremodule="Magento_Customer/js/action/login" src="js/login.min.js"></script><script type="text/javascript" charset="utf-8" async="" data-requirecontext="_" data-requiremodule="Magento_Ui/js/model/messageList" src="js/messageList.min.js"></script><script type="text/javascript" charset="utf-8" async="" data-requirecontext="_" data-requiremodule="Magento_Checkout/js/view/minicart" src="js/minicart.min.js"></script><script type="text/javascript" charset="utf-8" async="" data-requirecontext="_" data-requiremodule="Magento_Tax/js/view/checkout/minicart/subtotal/totals" src="js/totals.min.js"></script><script type="text/javascript" charset="utf-8" async="" data-requirecontext="_" data-requiremodule="Magento_Msrp/js/view/checkout/minicart/subtotal/totals" src="js/totals.min_002.js"></script><script type="text/javascript" charset="utf-8" async="" data-requirecontext="_" data-requiremodule="Magento_Checkout/js/view/cart-item-renderer" src="js/cart-item-renderer.min.js"></script><script type="text/javascript" charset="utf-8" async="" data-requirecontext="_" data-requiremodule="Magento_Catalog/js/view/image" src="js/image.min.js"></script><script type="text/javascript" charset="utf-8" async="" data-requirecontext="_" data-requiremodule="Magento_Catalog/js/catalog-add-to-cart" src="js/catalog-add-to-cart.min.js"></script><script type="text/javascript" charset="utf-8" async="" data-requirecontext="_" data-requiremodule="Magento_ConfigurableProduct/js/catalog-add-to-cart-mixin" src="js/catalog-add-to-cart-mixin.min.js"></script><script type="text/javascript" charset="utf-8" async="" data-requirecontext="_" data-requiremodule="Mageplaza_ConfigurablePreselect/js/catalog-add-to-cart-mixin" src="js/catalog-add-to-cart-mixin.min_002.js"></script><script type="text/javascript" charset="utf-8" async="" data-requirecontext="_" data-requiremodule="mageplaza/core/jquery/popup" src="js/jquery.magnific-popup.min.js"></script><script type="text/javascript" charset="utf-8" async="" data-requirecontext="_" data-requiremodule="matchMedia" src="js/matchMedia.min.js"></script><script type="text/javascript" charset="utf-8" async="" data-requirecontext="_" data-requiremodule="Magento_Theme/js/view/messages" src="js/messages.min_002.js"></script><script type="text/javascript" charset="utf-8" async="" data-requirecontext="_" data-requiremodule="jquery/jquery.metadata" src="js/jquery.metadata.min.js"></script><script type="text/javascript" charset="utf-8" async="" data-requirecontext="_" data-requiremodule="Magento_Checkout/js/sidebar" src="js/sidebar.min.js"></script><script type="text/javascript" charset="utf-8" async="" data-requirecontext="_" data-requiremodule="Magento_Catalog/js/storage-manager" src="js/storage-manager.min.js"></script><script type="text/javascript" charset="utf-8" async="" data-requirecontext="_" data-requiremodule="Magento_Ui/js/view/messages" src="js/messages.min_003.js"></script><script type="text/javascript" charset="utf-8" async="" data-requirecontext="_" data-requiremodule="Magento_ReCaptchaFrontendUi/js/ui-messages-mixin" src="js/ui-messages-mixin.min.js"></script><script type="text/javascript" charset="utf-8" async="" data-requirecontext="_" data-requiremodule="Magento_Ui/js/lib/core/element/links" src="js/links.min.js"></script><script type="text/javascript" charset="utf-8" async="" data-requirecontext="_" data-requiremodule="Krueger_Pagebuilder/js/content-type/slider/appearance/info/widget" src="js/widget.min_004.js"></script><script type="text/javascript" charset="utf-8" async="" data-requirecontext="_" data-requiremodule="Magento_PageBuilder/js/content-type/row/appearance/default/widget" src="js/widget.min_005.js"></script><script type="text/javascript" charset="utf-8" async="" data-requirecontext="_" data-requiremodule="Magento_PageBuilder/js/content-type/buttons/appearance/inline/widget" src="js/widget.min.js"></script><script type="text/javascript" charset="utf-8" async="" data-requirecontext="_" data-requiremodule="Magento_PageBuilder/js/content-type/products/appearance/carousel/widget" src="js/widget.min_003.js"></script><script type="text/javascript" charset="utf-8" async="" data-requirecontext="_" data-requiremodule="Magento_Ui/js/model/messages" src="js/messages.min.js"></script><script type="text/javascript" charset="utf-8" async="" data-requirecontext="_" data-requiremodule="Magento_Catalog/js/price-utils" src="js/price-utils.min.js"></script><script type="text/javascript" charset="utf-8" async="" data-requirecontext="_" data-requiremodule="Magento_Catalog/js/product/view/product-ids-resolver" src="js/product-ids-resolver.min.js"></script><script type="text/javascript" charset="utf-8" async="" data-requirecontext="_" data-requiremodule="Magento_Catalog/js/product/view/product-info-resolver" src="js/product-info-resolver.min.js"></script><script type="text/javascript" charset="utf-8" async="" data-requirecontext="_" data-requiremodule="Magento_ConfigurableProduct/js/product/view/product-info-resolver" src="js/product-info-resolver.min_002.js"></script><script type="text/javascript" charset="utf-8" async="" data-requirecontext="_" data-requiremodule="Magento_Security/js/escaper" src="js/escaper.min.js"></script><script type="text/javascript" charset="utf-8" async="" data-requirecontext="_" data-requiremodule="Magento_Customer/js/model/authentication-popup" src="js/authentication-popup.min.js"></script><script type="text/javascript" charset="utf-8" async="" data-requirecontext="_" data-requiremodule="Magento_Ui/js/modal/alert" src="js/alert.min.js"></script><script type="text/javascript" charset="utf-8" async="" data-requirecontext="_" data-requiremodule="mage/decorate" src="js/decorate.min.js"></script><script type="text/javascript" charset="utf-8" async="" data-requirecontext="_" data-requiremodule="Magento_Catalog/js/product/storage/storage-service" src="js/storage-service.min.js"></script><script type="text/javascript" charset="utf-8" async="" data-requirecontext="_" data-requiremodule="Magento_ReCaptchaFrontendUi/js/registry" src="js/registry.min_002.js"></script><script type="text/javascript" charset="utf-8" async="" data-requirecontext="_" data-requiremodule="Magento_PageBuilder/js/events" src="js/events.min.js"></script><script type="text/javascript" charset="utf-8" async="" data-requirecontext="_" data-requiremodule="Magento_PageBuilder/js/widget/video-background" src="js/video-background.min.js"></script><script type="text/javascript" charset="utf-8" async="" data-requirecontext="_" data-requiremodule="Magento_PageBuilder/js/resource/jarallax/jarallax" src="js/jarallax.min.js"></script><script type="text/javascript" charset="utf-8" async="" data-requirecontext="_" data-requiremodule="Magento_PageBuilder/js/utils/breakpoints" src="js/breakpoints.min.js"></script><script type="text/javascript" charset="utf-8" async="" data-requirecontext="_" data-requiremodule="Magento_Customer/js/invalidation-rules/website-rule" src="js/website-rule.min.js"></script><script type="text/javascript" charset="utf-8" async="" data-requirecontext="_" data-requiremodule="Magento_Catalog/js/product/view/product-ids" src="js/product-ids.min.js"></script><script type="text/javascript" charset="utf-8" async="" data-requirecontext="_" data-requiremodule="Magento_Catalog/js/product/view/product-info" src="js/product-info.min.js"></script><script type="text/javascript" charset="utf-8" async="" data-requirecontext="_" data-requiremodule="Magento_Catalog/js/product/storage/ids-storage" src="js/ids-storage.min.js"></script><script type="text/javascript" charset="utf-8" async="" data-requirecontext="_" data-requiremodule="Magento_Catalog/js/product/storage/data-storage" src="js/data-storage.min.js"></script><script type="text/javascript" charset="utf-8" async="" data-requirecontext="_" data-requiremodule="Magento_Catalog/js/product/storage/ids-storage-compare" src="js/ids-storage-compare.min.js"></script><script type="text/javascript" charset="utf-8" async="" data-requirecontext="_" data-requiremodule="vimeo/vimeo-wrapper" src="js/vimeo-wrapper.min.js"></script><script type="text/javascript" charset="utf-8" async="" data-requirecontext="_" data-requiremodule="Magento_Catalog/js/product/query-builder" src="js/query-builder.min.js"></script><script type="text/javascript" charset="utf-8" async="" data-requirecontext="_" data-requiremodule="Magento_PageBuilder/js/resource/jarallax/jarallax-wrapper" src="js/jarallax-wrapper.min.js"></script><script type="text/javascript" charset="utf-8" async="" data-requirecontext="_" data-requiremodule="vimeo/player" src="js/player.min.js"></script><script type="text/javascript" charset="utf-8" async="" data-requirecontext="_" data-requiremodule="Magento_PageBuilder/js/resource/jarallax/jarallax-video" src="js/jarallax-video.min.js"></script></head><body data-container="body" id="html-body" class="cms-home cms-index-index page-layout-1column" aria-busy="false"><header class="header mm-fixed compensate-for-scrollbar"> <div class="header__meta"><div class="container"><div class="slider slider--header slick-initialized slick-slider"><div class="slick-list draggable"><div class="slick-track" style="opacity: 1; width: 1860px; transform: translate3d(0px, 0px, 0px);"><div class="slick-slide slick-current slick-active" data-slick-index="0" aria-hidden="false" style="width: 620px;"><div><div style="width: 100%; display: inline-block;"><a class="service" href="https://maxinutrition.de/faq" tabindex="0"><div class="image"><img src="images/Group(2).png"></div><div class="text"> Service</div></a></div></div></div><div class="slick-slide slick-active" data-slick-index="1" aria-hidden="false" style="width: 620px;"><div><div style="width: 100%; display: inline-block;"><div class="shippment"><div class="image"><img src="images/Group(3).png"></div><div class="text"> Versandkostenfrei ab 50 €</div></div></div></div></div><div class="slick-slide slick-active" data-slick-index="2" aria-hidden="false" style="width: 620px;"><div><div style="width: 100%; display: inline-block;"><div class="images-links"><a class="image-link" tabindex="0"><img src="images/image%2034.png"></a> <a class="image-link" tabindex="0"><img src="images/image%2035.png"></a> <a class="image-link" tabindex="0"><img src="images/image%2036.png"></a></div></div></div></div></div></div></div></div></div><div class="header__main"><span data-action="toggle-nav" class="action nav-toggle"><span>Toggle Nav</span></span><div class="container"> <a class="header__logo" href="https://maxinutrition.de/" title="MaxiNutrition: die Fitness-Food-Marke"><img src="images/logo.png" alt="MaxiNutrition: die Fitness-Food-Marke" width="125" height="60"></a> <div class="sections nav-sections"> <div class="section-items nav-sections-items mage-tabs-disabled" role="tablist"> <div class="section-item-title nav-sections-item-title active" data-role="collapsible" role="tab" data-collapsible="true" aria-controls="store.menu" aria-selected="false" aria-expanded="true" tabindex="0"><a class="nav-sections-item-switch" data-toggle="switch" href="#store.menu">Menü</a></div><div class="section-item-content nav-sections-item-content" id="store.menu" data-role="content" role="tabpanel" aria-hidden="false"> <div class="page-main"> <span class="rw-navclose"></span> <nav class="rootmenu" data-action="navigation"><ul id="rw-menutop" class="mobile-sub rootmenu-list"> <li class="nav-1 category-item "><span class="rootmenu-click"><i class="rootmenu-arrow"></i></span><a class="" href="https://maxinutrition.de/shop/">Shop </a> <div class="megamenu fullmenu clearfix categoriesmenu"><div class=""><div class="menuheader root-col-1 clearfix"><div data-content-type="row" data-appearance="contained" data-element="main"><div data-enable-parallax="0" data-parallax-speed="0.5" data-background-images="{}" data-background-type="image" data-video-loop="true" data-video-play-only-visible="true" data-video-lazy-load="true" data-video-fallback-src="" data-element="inner" data-pb-style="64B7959595CAB"></div></div><style>#html-body [data-pb-style="64B7959595CAB"]{justify-content: flex-start; display: flex; flex-direction: column; background-position: left top; background-size: cover; background-repeat: no-repeat; background-attachment: scroll; border-style: none; border-width: 1px; border-radius: 0px; margin: 0px 0px 10px; padding: 10px;}</style></div><div class="root-col-1 clearfix"><div class="main_categoryblockcontent"><div data-content-type="row" data-appearance="contained" data-element="main"><div data-enable-parallax="0" data-parallax-speed="0.5" data-background-images="{}" data-background-type="image" data-video-loop="true" data-video-play-only-visible="true" data-video-lazy-load="true" data-video-fallback-src="" data-element="inner" data-pb-style="64B7959599529"><figure data-content-type="image" data-appearance="full-width" data-element="main" data-pb-style="64B7959599536"><a href="https://maxinutrition.de/maxvegan-vanilla/" target="" data-link-type="default" title="" data-element="link"><img class="pagebuilder-mobile-hidden" src="js/maxinutrition-maxvegan-vanilla-packshot-navi.jpg" alt="" title="" data-element="desktop_image" data-pb-style="64B795959953F"><img class="pagebuilder-mobile-only" src="js/maxinutrition-maxvegan-vanilla-packshot-navi.jpg" alt="" title="" data-element="mobile_image" data-pb-style="64B7959599546"></a></figure><div data-content-type="text" data-appearance="default" data-element="main" data-pb-style="64B795959954E"><h5><span data-pb-style="64B7959599555"><strong><span class="label-rootways" data-pb-style="64B795959955D">Neu</span></strong> <strong>MaxVegan</strong><br></span></h5></div></div></div><style>#html-body [data-pb-style="64B7959599529"]{justify-content: flex-start; display: flex; flex-direction: column; background-position: left top; background-size: cover; background-repeat: no-repeat; background-attachment: scroll; border-style: none; border-width: 1px; border-radius: 0px; margin: 0px 0px 10px; padding: 10px;}#html-body [data-pb-style="64B7959599536"]{text-align: center; margin: 0px; padding: 0px; border-style: none;}#html-body [data-pb-style="64B795959953F"]{border-style: none; border-width: 1px; border-radius: 0px; max-width: 100%; height: auto;}#html-body [data-pb-style="64B7959599546"]{border-style: none; border-width: 1px; border-radius: 0px; max-width: 100%; height: auto;}#html-body [data-pb-style="64B795959954E"]{border-style: none; border-width: 1px; border-radius: 0px; margin: 0px; padding: 0px;}#html-body [data-pb-style="64B7959599555"]{font-size: 16px;}#html-body [data-pb-style="64B795959955D"]{background-color: #c7eff8;}</style></div><div class="root-sub-col-12 clearfix"><div class="root-col-6 clearfix "><a href="https://maxinutrition.de/shop/proteinriegel-snacks/" class="catproductimg"><img src="images/Final_1.jpg" alt="Proteinriegel &amp; Snacks"></a><div class="title"><a href="https://maxinutrition.de/shop/proteinriegel-snacks/">Proteinriegel &amp; Snacks</a></div><ul class="level3-listing root-col-6 clearfix"><li><a href="https://maxinutrition.de/shop/proteinriegel-snacks/proteinriegel-snacks-alle-produkte/"><img class="cat_img_as_icon" style="width:25px; height:25px;" src="images/rootimgicon.jpg" alt="Alle Produkte"><span class="level2-name sub-cat-name">Alle Produkte</span></a></li></ul><ul class="level3-listing root-col-6 clearfix"><li><a href="https://maxinutrition.de/shop/proteinriegel-snacks/classic-protein-bar/"><img class="cat_img_as_icon" style="width:25px; height:25px;" src="images/rootimgicon.jpg" alt="Classic Protein Bar"><span class="level2-name sub-cat-name">Classic Protein Bar</span></a></li></ul><ul class="level3-listing root-col-6 clearfix"><li><a href="https://maxinutrition.de/shop/proteinriegel-snacks/creamy-core-protein-bar/"><img class="cat_img_as_icon" style="width:25px; height:25px;" src="images/rootimgicon.jpg" alt="Creamy Core Protein Bar"><span class="level2-name sub-cat-name">Creamy Core Protein Bar</span></a></li></ul><ul class="level3-listing root-col-6 clearfix"><li><a href="https://maxinutrition.de/shop/proteinriegel-snacks/vegan-creamy-core-protein-bar/"><img class="cat_img_as_icon" style="width:25px; height:25px;" src="images/rootimgicon.jpg" alt="Vegan Creamy Core Protein Bar"><span class="level2-name sub-cat-name">Vegan Creamy Core Protein Bar</span></a></li></ul><ul class="level3-listing root-col-6 clearfix"><li><a href="https://maxinutrition.de/shop/proteinriegel-snacks/premium-protein-bar/"><img class="cat_img_as_icon" style="width:25px; height:25px;" src="images/rootimgicon.jpg" alt="Premium Protein Bar"><span class="level2-name sub-cat-name">Premium Protein Bar</span></a></li></ul><ul class="level3-listing root-col-6 clearfix"><li><a href="https://maxinutrition.de/shop/proteinriegel-snacks/protein-nut-bar/"><img class="cat_img_as_icon" style="width:25px; height:25px;" src="images/rootimgicon.jpg" alt="Protein Nut Bar"><span class="level2-name sub-cat-name">Protein Nut Bar</span></a></li></ul></div><div class="root-col-6 clearfix "><a href="https://maxinutrition.de/shop/proteinpulver/" class="catproductimg"><img src="images/Final_2_1_1.jpg" alt="Proteinpulver"></a><div class="title"><a href="https://maxinutrition.de/shop/proteinpulver/">Proteinpulver</a></div><ul class="level3-listing root-col-6 clearfix"><li><a href="https://maxinutrition.de/shop/proteinpulver/proteinpulver-alle-produkte/"><img class="cat_img_as_icon" style="width:25px; height:25px;" src="images/rootimgicon.jpg" alt="Alle Produkte"><span class="level2-name sub-cat-name">Alle Produkte</span></a></li></ul><ul class="level3-listing root-col-6 clearfix"><li><a href="https://maxinutrition.de/shop/proteinpulver/maxwhey/"><img class="cat_img_as_icon" style="width:25px; height:25px;" src="images/rootimgicon.jpg" alt="MaxWhey"><span class="level2-name sub-cat-name">MaxWhey</span></a></li></ul><ul class="level3-listing root-col-6 clearfix"><li><a href="https://maxinutrition.de/shop/proteinpulver/maxvegan/"><img class="cat_img_as_icon" style="width:25px; height:25px;" src="images/rootimgicon.jpg" alt="MaxVegan"><span class="level2-name sub-cat-name">MaxVegan</span></a></li></ul><ul class="level3-listing root-col-6 clearfix"><li><a href="https://maxinutrition.de/shop/proteinpulver/maxisolate/"><img class="cat_img_as_icon" style="width:25px; height:25px;" src="images/rootimgicon.jpg" alt="MaxIsolate"><span class="level2-name sub-cat-name">MaxIsolate</span></a></li></ul><ul class="level3-listing root-col-6 clearfix"><li><a href="https://maxinutrition.de/shop/proteinpulver/maxclear/"><img class="cat_img_as_icon" style="width:25px; height:25px;" src="images/rootimgicon.jpg" alt="MaxClear"><span class="level2-name sub-cat-name">MaxClear</span></a></li></ul></div><div class="root-col-6 clearfix "><a href="https://maxinutrition.de/shop/supplements/" class="catproductimg"><img src="images/maxinutrition-supplements-desktop.jpg" alt="Supplements"></a><div class="title"><a href="https://maxinutrition.de/shop/supplements/">Supplements</a></div><ul class="level3-listing root-col-6 clearfix"><li><a href="https://maxinutrition.de/shop/supplements/creatine/"><img class="cat_img_as_icon" style="width:25px; height:25px;" src="images/rootimgicon.jpg" alt="Creatine"><span class="level2-name sub-cat-name">Creatine</span></a></li></ul></div><div class="root-col-6 clearfix "><a href="https://maxinutrition.de/shop/geschmackspulver/" class="catproductimg"><img src="images/maxinutrition-geschmackspulver-navi.jpg" alt="Geschmackspulver"></a><div class="title"><a href="https://maxinutrition.de/shop/geschmackspulver/">Geschmackspulver</a></div><ul class="level3-listing root-col-6 clearfix"><li><a href="https://maxinutrition.de/shop/geschmackspulver/maxflavour/"><img class="cat_img_as_icon" style="width:25px; height:25px;" src="images/rootimgicon.jpg" alt="MaxFlavour"><span class="level2-name sub-cat-name">MaxFlavour</span></a></li></ul></div><div class="root-col-6 clearfix "><a href="https://maxinutrition.de/shop/aufstriche-backen/" class="catproductimg"><img src="images/cream_v1.jpg" alt="Aufstriche &amp; Backen"></a><div class="title"><a href="https://maxinutrition.de/shop/aufstriche-backen/">Aufstriche &amp; Backen</a></div><ul class="level3-listing root-col-6 clearfix"><li><a href="https://maxinutrition.de/shop/aufstriche-backen/alle-produkte/"><img class="cat_img_as_icon" style="width:25px; height:25px;" src="images/rootimgicon.jpg" alt="Alle Produkte"><span class="level2-name sub-cat-name">Alle Produkte</span></a></li></ul><ul class="level3-listing root-col-6 clearfix"><li><a href="https://maxinutrition.de/shop/aufstriche-backen/protein-cream/"><img class="cat_img_as_icon" style="width:25px; height:25px;" src="images/" alt="Protein Cream"><span class="level2-name sub-cat-name">Protein Cream</span></a></li></ul><ul class="level3-listing root-col-6 clearfix"><li><a href="https://maxinutrition.de/shop/aufstriche-backen/crunchy-peanut-butter/"><img class="cat_img_as_icon" style="width:25px; height:25px;" src="images/" alt="Crunchy Peanut Butter"><span class="level2-name sub-cat-name">Crunchy Peanut Butter</span></a></li></ul><ul class="level3-listing root-col-6 clearfix"><li><a href="https://maxinutrition.de/shop/aufstriche-backen/backprotein/"><img class="cat_img_as_icon" style="width:25px; height:25px;" src="images/" alt="Baking Protein"><span class="level2-name sub-cat-name">Baking Protein</span></a></li></ul></div><div class="root-col-6 clearfix "><a href="https://maxinutrition.de/shop/hydration/" class="catproductimg"><img src="images//HydrationTabs_v2_1.jpg" alt="Hydration"></a><div class="title"><a href="https://maxinutrition.de/shop/hydration/">Hydration</a></div><ul class="level3-listing root-col-6 clearfix"><li><a href="https://maxinutrition.de/shop/hydration/alle-produkte/"><img class="cat_img_as_icon" style="width:25px; height:25px;" src="images/" alt="Alle Produkte"><span class="level2-name sub-cat-name">Alle Produkte</span></a></li></ul><ul class="level3-listing root-col-6 clearfix"><li><a href="https://maxinutrition.de/catalog/category/view/s/hydration-tabs/id/100/"><img class="cat_img_as_icon" style="width:25px; height:25px;" src="images/" alt="Hydration Tabs"><span class="level2-name sub-cat-name">Hydration Tabs</span></a></li></ul></div><div class="clearfix"></div><div class="root-col-6 clearfix "><a href="https://maxinutrition.de/shop/ready-to-drink/" class="catproductimg"><img src="images/maxinutrition-ready-to-drink-inkl.maxshake.jpg" alt="Ready to drink"></a><div class="title"><a href="https://maxinutrition.de/shop/ready-to-drink/">Ready to drink</a></div><ul class="level3-listing root-col-6 clearfix"><li><a href="https://maxinutrition.de/shop/protein-drinks/ready-to-drink-alle-produkte/"><img class="cat_img_as_icon" style="width:25px; height:25px;" src="images/rootimgicon.jpg" alt="Alle Produkte"><span class="level2-name sub-cat-name">Alle Produkte</span></a></li></ul><ul class="level3-listing root-col-6 clearfix"><li><a href="https://maxinutrition.de/shop/protein-drinks/ready-to-drink-maxfive/"><img class="cat_img_as_icon" style="width:25px; height:25px;" src="images/rootimgicon.jpg" alt="MaxFive"><span class="level2-name sub-cat-name">MaxFive</span></a></li></ul><ul class="level3-listing root-col-6 clearfix"><li><a href="https://maxinutrition.de/shop/protein-drinks/maxshake/"><img class="cat_img_as_icon" style="width:25px; height:25px;" src="images/rootimgicon.jpg" alt="MaxShake"><span class="level2-name sub-cat-name">MaxShake</span></a></li></ul></div><div class="root-col-6 clearfix "><a href="https://maxinutrition.de/shop/probierpakete/" class="catproductimg"><img src="images/maxinutrition-probierpakete.jpg" alt="Probierpakete"></a><div class="title"><a href="https://maxinutrition.de/shop/probierpakete/">Probierpakete</a></div><ul class="level3-listing root-col-6 clearfix"><li><a href="https://maxinutrition.de/shop/probierpakete/probierpakete-alle/"><img class="cat_img_as_icon" style="width:25px; height:25px;" src="images/rootimgicon.jpg" alt="Alle Probierpakete"><span class="level2-name sub-cat-name">Alle Probierpakete</span></a></li></ul><ul class="level3-listing root-col-6 clearfix"><li><a href="https://maxinutrition.de/shop/probierpakete/vegan-bundle-2023/"><img class="cat_img_as_icon" style="width:25px; height:25px;" src="images/rootimgicon.jpg" alt="Vegan Bundle"><span class="level2-name sub-cat-name">Vegan Bundle</span></a></li></ul><ul class="level3-listing root-col-6 clearfix"><li><a href="https://maxinutrition.de/shop/probierpakete/8er-maxfive-probierpaket/"><img class="cat_img_as_icon" style="width:25px; height:25px;" src="images/rootimgicon.jpg" alt="8er MaxFive Bundle"><span class="level2-name sub-cat-name">8er MaxFive Bundle</span></a></li></ul><ul class="level3-listing root-col-6 clearfix"><li><a href="https://maxinutrition.de/shop/probierpakete/12er-creamy-core-bar-probierpaket/"><img class="cat_img_as_icon" style="width:25px; height:25px;" src="images/rootimgicon.jpg" alt="12er Creamy Core Bar Bundle"><span class="level2-name sub-cat-name">12er Creamy Core Bar Bundle</span></a></li></ul><ul class="level3-listing root-col-6 clearfix"><li><a href="https://maxinutrition.de/shop/probierpakete/3er-maxwhey-probierpaket/"><img class="cat_img_as_icon" style="width:25px; height:25px;" src="images/rootimgicon.jpg" alt="3er MaxWhey Bundle"><span class="level2-name sub-cat-name">3er MaxWhey Bundle</span></a></li></ul></div><div class="root-col-6 clearfix "><a href="https://maxinutrition.de/shop/zubehoer/" class="catproductimg"><img src="images/Navi_Zubeh_r-desktop.jpg" alt="Zubehör"></a><div class="title"><a href="https://maxinutrition.de/shop/zubehoer/">Zubehör</a></div><ul class="level3-listing root-col-6 clearfix"><li><a href="https://maxinutrition.de/shop/zubehoer/alle-produkte/"><img class="cat_img_as_icon" style="width:25px; height:25px;" src="images/rootimgicon.jpg" alt="Alle Produkte"><span class="level2-name sub-cat-name">Alle Produkte</span></a></li></ul><ul class="level3-listing root-col-6 clearfix"><li><a href="https://maxinutrition.de/shop/zubehoer/shaker/"><img class="cat_img_as_icon" style="width:25px; height:25px;" src="images/rootimgicon.jpg" alt="Shaker"><span class="level2-name sub-cat-name">Shaker</span></a></li></ul><ul class="level3-listing root-col-6 clearfix"><li><a href="https://maxinutrition.de/shop/zubehoer/dosierloffel/"><img class="cat_img_as_icon" style="width:25px; height:25px;" src="images/rootimgicon.jpg" alt="Dosierlöffel"><span class="level2-name sub-cat-name">Dosierlöffel</span></a></li></ul><ul class="level3-listing root-col-6 clearfix"><li><a href="https://maxinutrition.de/shop/zubehoer/power-tower/"><img class="cat_img_as_icon" style="width:25px; height:25px;" src="images/rootimgicon.jpg" alt="Power Tower"><span class="level2-name sub-cat-name">Power Tower</span></a></li></ul><ul class="level3-listing root-col-6 clearfix"><li><a href="https://maxinutrition.de/shop/zubehoer/trinkflasche/"><img class="cat_img_as_icon" style="width:25px; height:25px;" src="images/rootimgicon.jpg" alt="Trinkflasche"><span class="level2-name sub-cat-name">Trinkflasche</span></a></li></ul></div></div></div><div class="menufooter root-col-1 clearfix"><div data-content-type="row" data-appearance="contained" data-element="main"><div data-enable-parallax="0" data-parallax-speed="0.5" data-background-images="{}" data-background-type="image" data-video-loop="true" data-video-play-only-visible="true" data-video-lazy-load="true" data-video-fallback-src="" data-element="inner" data-pb-style="64B7959595CAB"></div></div><style>#html-body [data-pb-style="64B7959595CAB"]{justify-content: flex-start; display: flex; flex-direction: column; background-position: left top; background-size: cover; background-repeat: no-repeat; background-attachment: scroll; border-style: none; border-width: 1px; border-radius: 0px; margin: 0px 0px 10px; padding: 10px;}</style></div></div></div></li> <li class="nav-2 category-item "><span class="rootmenu-click"><i class="rootmenu-arrow"></i></span><a class="" href="https://maxinutrition.de/ernaehrungsformen/">Ernährungsformen </a> <div class="megamenu fullmenu clearfix categoriesmenu"><div class=""><div class="menuheader root-col-1 clearfix"><div data-content-type="row" data-appearance="contained" data-element="main"><div data-enable-parallax="0" data-parallax-speed="0.5" data-background-images="{}" data-background-type="image" data-video-loop="true" data-video-play-only-visible="true" data-video-lazy-load="true" data-video-fallback-src="" data-element="inner" data-pb-style="64B7959595CAB"></div></div><style>#html-body [data-pb-style="64B7959595CAB"]{justify-content: flex-start; display: flex; flex-direction: column; background-position: left top; background-size: cover; background-repeat: no-repeat; background-attachment: scroll; border-style: none; border-width: 1px; border-radius: 0px; margin: 0px 0px 10px; padding: 10px;}</style></div><div class="root-col-1 clearfix"><div class="main_categoryblockcontent"><div data-content-type="row" data-appearance="contained" data-element="main"><div data-enable-parallax="0" data-parallax-speed="0.5" data-background-images="{}" data-background-type="image" data-video-loop="true" data-video-play-only-visible="true" data-video-lazy-load="true" data-video-fallback-src="" data-element="inner" data-pb-style="64B7959595CAB"></div></div><style>#html-body [data-pb-style="64B7959595CAB"]{justify-content: flex-start; display: flex; flex-direction: column; background-position: left top; background-size: cover; background-repeat: no-repeat; background-attachment: scroll; border-style: none; border-width: 1px; border-radius: 0px; margin: 0px 0px 10px; padding: 10px;}</style></div><div class="root-sub-col-12 clearfix"><div class="root-col-5 clearfix "><div class="title"><a href="https://maxinutrition.de/ernaehrungsformen/vegan/">Vegan</a></div></div><div class="root-col-5 clearfix "><div class="title"><a href="https://maxinutrition.de/ernaehrungsformen/glutenfrei/">Glutenfrei</a></div></div><div class="root-col-5 clearfix "><div class="title"><a href="https://maxinutrition.de/ernaehrungsformen/low-carb/">Low carb</a></div></div><div class="root-col-5 clearfix "><div class="title"><a href="https://maxinutrition.de/ernaehrungsformen/low-sugar/">Low sugar</a></div></div></div></div><div class="menufooter root-col-1 clearfix"><div data-content-type="row" data-appearance="contained" data-element="main"><div data-enable-parallax="0" data-parallax-speed="0.5" data-background-images="{}" data-background-type="image" data-video-loop="true" data-video-play-only-visible="true" data-video-lazy-load="true" data-video-fallback-src="" data-element="inner" data-pb-style="64B7959595CAB"></div></div><style>#html-body [data-pb-style="64B7959595CAB"]{justify-content: flex-start; display: flex; flex-direction: column; background-position: left top; background-size: cover; background-repeat: no-repeat; background-attachment: scroll; border-style: none; border-width: 1px; border-radius: 0px; margin: 0px 0px 10px; padding: 10px;}</style></div></div></div></li> <li class="custom-menus"><a href="https://maxinutrition.de/blog">MaxiBlog</a></li><li class="custom-menus"><a href="https://maxinutrition.de/maxi-blog/category/rezepte/">Fitness Rezepte</a></li> <li class="nav-3 category-item "><a class="" href="https://maxinutrition.de/proteinrechner/">Proteinrechner </a> </li> <li class="nav-4 category-item "><a class="" href="https://maxinutrition.de/ueber-uns/">Über Uns </a> </li> </ul></nav></div> <div class="mobile-navigation-header-custom"><img class="custom-logo" src="images/logo.png"><span class="rw-navclose"></span></div><div class="drilldown"><div class="drilldown-container"><ul class="drilldown-root"> <li class="category level1"><span class="flexRow"> <span> <img src="images/Final_1.jpg"></span> <span class="flexColumn"><a href="https://maxinutrition.de/shop/proteinriegel-snacks/">Proteinriegel &amp; Snacks</a> <span>Hochwertige High Protein Riegel für zwischendurch &amp; unterwegs.</span> </span> <span> <button class="next-page"></button></span></span> <ul class="drilldown-sub subcat-77"><li class="drilldown-back"><button class="next-previous">Zurück</button></li> <li class="category level2" style="height: 40px"><span class="flexRow"> <span class="flexColumn"><a href="https://maxinutrition.de/shop/proteinriegel-snacks/proteinriegel-snacks-alle-produkte/" style="height: 30px">Alle Produkte</a> </span> </span> </li> <li class="category level2" style="height: 40px"><span class="flexRow"> <span class="flexColumn"><a href="https://maxinutrition.de/shop/proteinriegel-snacks/classic-protein-bar/" style="height: 30px">Classic Protein Bar</a> </span> </span> </li> <li class="category level2" style="height: 40px"><span class="flexRow"> <span class="flexColumn"><a href="https://maxinutrition.de/shop/proteinriegel-snacks/creamy-core-protein-bar/" style="height: 30px">Creamy Core Protein Bar</a> </span> </span> </li> <li class="category level2" style="height: 40px"><span class="flexRow"> <span class="flexColumn"><a href="https://maxinutrition.de/shop/proteinriegel-snacks/vegan-creamy-core-protein-bar/" style="height: 30px">Vegan Creamy Core Protein Bar</a> </span> </span> </li> <li class="category level2" style="height: 40px"><span class="flexRow"> <span class="flexColumn"><a href="https://maxinutrition.de/shop/proteinriegel-snacks/premium-protein-bar/" style="height: 30px">Premium Protein Bar</a> </span> </span> </li> <li class="category level2" style="height: 40px"><span class="flexRow"> <span class="flexColumn"><a href="https://maxinutrition.de/shop/proteinriegel-snacks/protein-nut-bar/" style="height: 30px">Protein Nut Bar</a> </span> </span> </li> </ul></li> <li class="category level1"><span class="flexRow"> <span> <img src="images/Final_2_1_1.jpg"></span> <span class="flexColumn"><a href="https://maxinutrition.de/shop/proteinpulver/">Proteinpulver</a> <span>Dein Eiweiß-Boost für maximale Leistungsfähigkeit.</span> </span> <span> <button class="next-page"></button></span></span> <ul class="drilldown-sub subcat-67"><li class="drilldown-back"><button class="next-previous">Zurück</button></li> <li class="category level2" style="height: 40px"><span class="flexRow"> <span class="flexColumn"><a href="https://maxinutrition.de/shop/proteinpulver/proteinpulver-alle-produkte/" style="height: 30px">Alle Produkte</a> </span> </span> </li> <li class="category level2" style="height: 40px"><span class="flexRow"> <span class="flexColumn"><a href="https://maxinutrition.de/shop/proteinpulver/maxwhey/" style="height: 30px">MaxWhey</a> </span> </span> </li> <li class="category level2" style="height: 40px"><span class="flexRow"> <span class="flexColumn"><a href="https://maxinutrition.de/shop/proteinpulver/maxvegan/" style="height: 30px">MaxVegan</a> </span> </span> </li> <li class="category level2" style="height: 40px"><span class="flexRow"> <span class="flexColumn"><a href="https://maxinutrition.de/shop/proteinpulver/maxisolate/" style="height: 30px">MaxIsolate</a> </span> </span> </li> <li class="category level2" style="height: 40px"><span class="flexRow"> <span class="flexColumn"><a href="https://maxinutrition.de/shop/proteinpulver/maxclear/" style="height: 30px">MaxClear</a> </span> </span> </li> </ul></li> <li class="category level1"><span class="flexRow"> <span> <img src="images/maxinutrition-supplements-desktop.jpg"></span> <span class="flexColumn"><a href="https://maxinutrition.de/shop/supplements/">Supplements</a> <span>100% hochwertige &amp; sichere Nahrungsergänzungsmittel mit besten Nährwerten.</span> </span> <span> <button class="next-page"></button></span></span> <ul class="drilldown-sub subcat-122"><li class="drilldown-back"><button class="next-previous">Zurück</button></li> <li class="category level2" style="height: 40px"><span class="flexRow"> <span class="flexColumn"><a href="https://maxinutrition.de/shop/supplements/creatine/" style="height: 30px">Creatine</a> </span> </span> </li> </ul></li> <li class="category level1"><span class="flexRow"> <span> <img src="images/maxinutrition-geschmackspulver-navi.jpg"></span> <span class="flexColumn"><a href="https://maxinutrition.de/shop/geschmackspulver/">Geschmackspulver</a> <span>Veganes Geschmackspulver zum kalorienarmen Süßen. </span> </span> <span> <button class="next-page"></button></span></span> <ul class="drilldown-sub subcat-125"><li class="drilldown-back"><button class="next-previous">Zurück</button></li> <li class="category level2" style="height: 40px"><span class="flexRow"> <span class="flexColumn"><a href="https://maxinutrition.de/shop/geschmackspulver/maxflavour/" style="height: 30px">MaxFlavour</a> </span> </span> </li> </ul></li> <li class="category level1"><span class="flexRow"> <span> <img src="images/cream_v1.jpg"></span> <span class="flexColumn"><a href="https://maxinutrition.de/shop/aufstriche-backen/">Aufstriche &amp; Backen</a> <span>Protein Aufstriche und Eiweißpulver zum Backen für deine gesunde Fitness-Küche.</span> </span> <span> <button class="next-page"></button></span></span> <ul class="drilldown-sub subcat-101"><li class="drilldown-back"><button class="next-previous">Zurück</button></li> <li class="category level2" style="height: 40px"><span class="flexRow"> <span class="flexColumn"><a href="https://maxinutrition.de/shop/aufstriche-backen/alle-produkte/" style="height: 30px">Alle Produkte</a> </span> </span> </li> <li class="category level2" style="height: 40px"><span class="flexRow"> <span class="flexColumn"><a href="https://maxinutrition.de/shop/aufstriche-backen/protein-cream/" style="height: 30px">Protein Cream</a> </span> </span> </li> <li class="category level2" style="height: 40px"><span class="flexRow"> <span class="flexColumn"><a href="https://maxinutrition.de/shop/aufstriche-backen/crunchy-peanut-butter/" style="height: 30px">Crunchy Peanut Butter</a> </span> </span> </li> <li class="category level2" style="height: 40px"><span class="flexRow"> <span class="flexColumn"><a href="https://maxinutrition.de/shop/aufstriche-backen/backprotein/" style="height: 30px">Baking Protein</a> </span> </span> </li> </ul></li> <li class="category level1"><span class="flexRow"> <span> <img src="images/HydrationTabs_v2_1.jpg"></span> <span class="flexColumn"><a href="https://maxinutrition.de/shop/hydration/">Hydration</a> <span>Elektrolytdrinks für deine Regeneration nach dem Sport.</span> </span> <span> <button class="next-page"></button></span></span> <ul class="drilldown-sub subcat-98"><li class="drilldown-back"><button class="next-previous">Zurück</button></li> <li class="category level2" style="height: 40px"><span class="flexRow"> <span class="flexColumn"><a href="https://maxinutrition.de/shop/hydration/alle-produkte/" style="height: 30px">Alle Produkte</a> </span> </span> </li> <li class="category level2" style="height: 40px"><span class="flexRow"> <span class="flexColumn"><a href="https://maxinutrition.de/catalog/category/view/s/hydration-tabs/id/100/" style="height: 30px">Hydration Tabs</a> </span> </span> </li> </ul></li> <li class="category level1"><span class="flexRow"> <span> <img src="images/maxinutrition-ready-to-drink-inkl.maxshake.jpg"></span> <span class="flexColumn"><a href="https://maxinutrition.de/shop/ready-to-drink/">Ready to drink</a> <span>Sport- und Energydrinks mit EAAs + BCAAs für den ultimativen Frischekick.</span> </span> <span> <button class="next-page"></button></span></span> <ul class="drilldown-sub subcat-71"><li class="drilldown-back"><button class="next-previous">Zurück</button></li> <li class="category level2" style="height: 40px"><span class="flexRow"> <span class="flexColumn"><a href="https://maxinutrition.de/shop/protein-drinks/ready-to-drink-alle-produkte/" style="height: 30px">Alle Produkte</a> </span> </span> </li> <li class="category level2" style="height: 40px"><span class="flexRow"> <span class="flexColumn"><a href="https://maxinutrition.de/shop/protein-drinks/ready-to-drink-maxfive/" style="height: 30px">MaxFive</a> </span> </span> </li> <li class="category level2" style="height: 40px"><span class="flexRow"> <span class="flexColumn"><a href="https://maxinutrition.de/shop/protein-drinks/maxshake/" style="height: 30px">MaxShake</a> </span> </span> </li> </ul></li> <li class="category level1"><span class="flexRow"> <span> <img src="images/maxinutrition-probierpakete.jpg"></span> <span class="flexColumn"><a href="https://maxinutrition.de/shop/probierpakete/">Probierpakete</a> <span>Immer die richtige Wahl: Individuelle Probierpakete zum Kennenlernen von MaxiNutrition.</span> </span> <span> <button class="next-page"></button></span></span> <ul class="drilldown-sub subcat-73"><li class="drilldown-back"><button class="next-previous">Zurück</button></li> <li class="category level2" style="height: 40px"><span class="flexRow"> <span class="flexColumn"><a href="https://maxinutrition.de/shop/probierpakete/probierpakete-alle/" style="height: 30px">Alle Probierpakete</a> </span> </span> </li> <li class="category level2" style="height: 40px"><span class="flexRow"> <span class="flexColumn"><a href="https://maxinutrition.de/shop/probierpakete/vegan-bundle-2023/" style="height: 30px">Vegan Bundle</a> </span> </span> </li> <li class="category level2" style="height: 40px"><span class="flexRow"> <span class="flexColumn"><a href="https://maxinutrition.de/shop/probierpakete/8er-maxfive-probierpaket/" style="height: 30px">8er MaxFive Bundle</a> </span> </span> </li> <li class="category level2" style="height: 40px"><span class="flexRow"> <span class="flexColumn"><a href="https://maxinutrition.de/shop/probierpakete/12er-creamy-core-bar-probierpaket/" style="height: 30px">12er Creamy Core Bar Bundle</a> </span> </span> </li> <li class="category level2" style="height: 40px"><span class="flexRow"> <span class="flexColumn"><a href="https://maxinutrition.de/shop/probierpakete/3er-maxwhey-probierpaket/" style="height: 30px">3er MaxWhey Bundle</a> </span> </span> </li> </ul></li> <li class="category level1"><span class="flexRow"> <span> <img src="images/Navi_Zubeh_r-desktop.jpg"></span> <span class="flexColumn"><a href="https://maxinutrition.de/shop/zubehoer/">Zubehör</a> <span>Eiweiß-Shaker, Trinkflaschen und mehr Sportzubehör für deine Fitnessziele.</span> </span> <span> <button class="next-page"></button></span></span> <ul class="drilldown-sub subcat-30"><li class="drilldown-back"><button class="next-previous">Zurück</button></li> <li class="category level2" style="height: 40px"><span class="flexRow"> <span class="flexColumn"><a href="https://maxinutrition.de/shop/zubehoer/alle-produkte/" style="height: 30px">Alle Produkte</a> </span> </span> </li> <li class="category level2" style="height: 40px"><span class="flexRow"> <span class="flexColumn"><a href="https://maxinutrition.de/shop/zubehoer/shaker/" style="height: 30px">Shaker</a> </span> </span> </li> <li class="category level2" style="height: 40px"><span class="flexRow"> <span class="flexColumn"><a href="https://maxinutrition.de/shop/zubehoer/dosierloffel/" style="height: 30px">Dosierlöffel</a> </span> </span> </li> <li class="category level2" style="height: 40px"><span class="flexRow"> <span class="flexColumn"><a href="https://maxinutrition.de/shop/zubehoer/power-tower/" style="height: 30px">Power Tower</a> </span> </span> </li> <li class="category level2" style="height: 40px"><span class="flexRow"> <span class="flexColumn"><a href="https://maxinutrition.de/shop/zubehoer/trinkflasche/" style="height: 30px">Trinkflasche</a> </span> </span> </li> </ul></li> <li class="category level1" style="height: 40px"><span class="flexRow"> <span class="flexColumn"><a href="https://maxinutrition.de/ernaehrungsformen/" style="height: 30px">Ernährungsformen</a> </span> <span> <button class="next-page" style="height: 30px; top: -4px;"></button></span></span> <ul class="drilldown-sub subcat-92"><li class="drilldown-back"><button class="next-previous">Zurück</button></li> <li class="category level2" style="height: 40px"><span class="flexRow"> <span class="flexColumn"><a href="https://maxinutrition.de/ernaehrungsformen/vegan/" style="height: 30px">Vegan</a> </span> </span> </li> <li class="category level2" style="height: 40px"><span class="flexRow"> <span class="flexColumn"><a href="https://maxinutrition.de/ernaehrungsformen/glutenfrei/" style="height: 30px">Glutenfrei</a> </span> </span> </li> <li class="category level2" style="height: 40px"><span class="flexRow"> <span class="flexColumn"><a href="https://maxinutrition.de/ernaehrungsformen/low-carb/" style="height: 30px">Low carb</a> </span> </span> </li> <li class="category level2" style="height: 40px"><span class="flexRow"> <span class="flexColumn"><a href="https://maxinutrition.de/ernaehrungsformen/low-sugar/" style="height: 30px">Low sugar</a> </span> </span> </li> </ul></li> <li class="category level1 custom-links" style="height: 40px"><span class="flexRow"><span class="flexColumn"><a href="https://maxinutrition.de/blog">MaxiBlog</a></span></span></li> <li class="category level1 custom-links" style="height: 40px"><span class="flexRow"><span class="flexColumn"><a href="https://maxinutrition.de/maxi-blog/category/rezepte/">Fitness Rezepte</a></span></span></li> <li class="category level1" style="height: 40px"><span class="flexRow"> <span class="flexColumn"><a href="https://maxinutrition.de/proteinrechner/" style="height: 30px">Proteinrechner</a> </span> </span> </li> <li class="category level1" style="height: 40px"><span class="flexRow"> <span class="flexColumn"><a href="https://maxinutrition.de/ueber-uns/" style="height: 30px">Über Uns</a> </span> </span> </li> </ul></div></div> <script type="text/javascript">
    require(['jquery', 'jquery/ui'], function ($) {

        $('button.next-page').on('mousedown', function() {
                var drillDown = $(this).parent().parent().next('ul.drilldown-sub');
                var liParent =  $(this).parent().parent().parent();
                drillDown.toggle();
                $(this).toggleClass('closeMenu');
                if (drillDown.is(':visible')) {
                    liParent.css('height', 'auto');
                    liParent.css('borderBottomWidth', '0px');
                }
                else {
                    if ($(this).parent().parent().find('img').length) {
                        liParent.height(75);
                    }
                    else {
                        liParent.height(40);
                    }
                    liParent.css('borderBottomWidth', '1px');
                }
        });

        $('.flexRow img').on('click vclick',function (){
            let link = $(this).parent().parent().find('a');
            if (link.length) {
                window.location.href = link.attr('href');
            }
        });

    });</script></div> <div class="section-item-title nav-sections-item-title" data-role="collapsible" role="tab" data-collapsible="true" aria-controls="store.links" aria-selected="false" aria-expanded="false" tabindex="0"><a class="nav-sections-item-switch" data-toggle="switch" href="#store.links">Konto</a></div><div class="section-item-content nav-sections-item-content" id="store.links" data-role="content" role="tabpanel" aria-hidden="true" style="display: none;"></div> </div></div><ul class="nav-meta"> <li class="search-main"><button class="search-main__toggle">Search...</button> <div class="search-wrapper search-main__overlay"><div class="top-search-box search-main__box"><form class="search-main__form" id="search_mini_form" action="https://maxinutrition.de/catalogsearch/result/" method="get" novalidate=""><button type="submit" title="Suche" class="btn btn--secondary"></button> <input id="search" type="text" name="q" placeholder="Suchbegriff eingeben" maxlength="128" role="combobox" aria-haspopup="false" aria-autocomplete="both" autocomplete="off" data-block="autocomplete-form"></form><button class="search-second__toggle" onclick="if (!window.__cfRLUnblockHandlers) return false; deleteClass()"></button></div><div id="search_autocomplete" class="container search_autocomplete"></div></div></li> <script type="text/javascript">
    function deleteClass() {
        var element = document.body;
        element.classList.remove("is-search-open");
    }
    function addClass() {
        var element = document.body;
        element.classList.add("is-search-open");
    }</script> <script type="text/javascript">
    window.ajaxLoginForm = {"autocomplete":"off","customerRegisterUrl":"https:\/\/maxinutrition.de\/customer\/account\/create\/","customerForgotPasswordUrl":"https:\/\/maxinutrition.de\/customer\/account\/forgotpassword\/","customerLogoutUrl":"https:\/\/maxinutrition.de\/customer\/account\/logout\/","baseUrl":"https:\/\/maxinutrition.de\/"};</script><li class="nav-meta__account" data-block="my-account"><a href="#" class="header__my-account__trigger" data-role="customer-account-link" data-bind="scope: 'customer-account-link'">Mein Konto <span data-bind="css: { 'counter': !!isLoggedIn() }"></span></a> <div style="display: none;" tabindex="-1" role="dialog" class="ui-dialog ui-corner-all ui-widget ui-widget-content ui-front mage-dropdown-dialog" aria-describedby="ui-id-1"><div class="block block-my-account block-minicart empty account-dropdown ui-dialog-content ui-widget-content" data-role="dropdownDialog" id="ui-id-1"><div id="my-account-content-wrapper" data-role="customer-account-link" data-bind="scope: 'customer-account-link'"><div data-bind="template: getDropdownTemplate()"><div class="account-dropdown__content">
	<!-- ko if: customer().firstname --><!--/ko-->
	<!-- ko ifnot: customer().firstname -->
	<!-- ko foreach: getRegion('loginMessages') -->
	<!-- ko template: getTemplate() -->
<div data-role="checkout-messages" class="messages" data-bind="visible: isVisible(), click: removeAll">
    <!-- ko foreach: messageContainer.getErrorMessages() --><!--/ko-->
    <!-- ko foreach: messageContainer.getSuccessMessages() --><!--/ko-->
</div>
<!-- /ko -->
	<!--/ko-->
    <div>
        <a href="https://maxinutrition.de/customer/account/login/" class="btn btn-primary">
            <small data-bind="i18n: 'Sign In Now'">Anmelden</small>
        </a>
        <a class="action util-add-margin-bottom-full" data-bind="attr: {href: forgotPasswordUrl}" href="https://maxinutrition.de/customer/account/forgotpassword/">
            <small data-bind="i18n: 'Forgot Your Password?'">Passwort vergessen?</small>
        </a>
        <div class="second-login">
        <span data-bind="i18n: 'New here?'">Neu hier?</span>
        <a class="util-reset-margin" data-bind="attr: {href: registerUrl}" href="https://maxinutrition.de/customer/account/create/">
            <span data-bind="i18n: 'Join Now'">Jetzt registrieren</span>
        </a>
        </div>
    </div>
	<!--/ko-->
</div>
</div></div></div></div></li>  <div data-block="minicart" class="minicart-wrapper quickcart-wrapper minicart-weltpixel"><a class="action showcart" href="https://maxinutrition.de/checkout/cart/" data-bind="scope: 'minicart_content'"><span class="text">Mein Warenkorb</span> <span class="counter qty empty" data-bind="css: { empty: !!getCartParam('summary_count') == false }, blockLoader: isLoading"><span class="counter-number"><!-- ko text: getCartParam('summary_count') --><!-- /ko --></span> <span class="counter-label"><!-- ko if: getCartParam('summary_count') --><!-- /ko --></span></span></a>  <script type="text/javascript">
        window.checkout = {"shoppingCartUrl":"https:\/\/maxinutrition.de\/checkout\/cart\/","checkoutUrl":"https:\/\/maxinutrition.de\/checkout\/","updateItemQtyUrl":"https:\/\/maxinutrition.de\/checkout\/sidebar\/updateItemQty\/","removeItemUrl":"https:\/\/maxinutrition.de\/checkout\/sidebar\/removeItem\/","imageTemplate":"Magento_Catalog\/product\/image_with_borders","baseUrl":"https:\/\/maxinutrition.de\/","minicartMaxItemsVisible":3,"websiteId":"2","maxItemsToDisplay":10,"storeId":"8","storeGroupId":"3","customerLoginUrl":"https:\/\/maxinutrition.de\/customer\/account\/login\/referer\/aHR0cHM6Ly9tYXhpbnV0cml0aW9uLmRlLw%2C%2C\/","isRedirectRequired":false,"autocomplete":"off","agreementIds":["1","2"],"captcha":{"user_login":{"isCaseSensitive":false,"imageHeight":50,"imageSrc":"","refreshUrl":"https:\/\/maxinutrition.de\/captcha\/refresh\/","isRequired":false,"timestamp":1699612989}}};</script> <style> .block-content-quickcart .quickcart-top { background: #000000; color: #FFFFFF; height: 50px; line-height: 50px; } .block-content-quickcart .quickcart-top button.close { height: 50px; } .block-content-quickcart .quickcart-top button.close span { color: #FFFFFF; } .block-content-quickcart .quickcart-top .action.close::before { color: #FFFFFF; } .block-content-quickcart .quickcart-bottom-container .subtotal { background: #F6F6F6; color: #000000; }  </style><div style="display: none;" tabindex="-1" role="dialog" class="ui-dialog ui-corner-all ui-widget ui-widget-content ui-front mage-dropdown-dialog" aria-describedby="ui-id-2"><div class="block block-minicart block-quickcart empty ui-dialog-content ui-widget-content" data-role="dropdownDialog" id="ui-id-2" style="display: block;"><div id="minicart-content-wrapper" class="quickcart-content-wrapper" data-bind="scope: 'minicart_content'"><!-- ko template: getTemplate() --><div class="block-title">
    <strong>
        <span class="text"><!-- ko i18n: 'My Cart' --><span>Mein Warenkorb</span><!-- /ko --></span>
        <span class="qty empty" data-bind="css: { empty: !!getCartParam('summary_count') == false },
                         attr: { title: $t('Items in Cart') }" title="Artikel im Warenkorb">
            <!-- ko text: getCartParam('summary_count') --><!-- /ko -->
        </span>
    </strong>
</div>

<div class="block-content block-content-quickcart">
    <div class="quickcart-top">
        <span class="text"><!-- ko i18n: 'My Cart' --><span>Mein Warenkorb</span><!-- /ko --></span>
        <div class="items-total">
            <!-- ko if: getCartParam('summary_count') >= 1 --><!-- /ko -->
        </div>
        <button type="button" id="btn-minicart-close" class="action close" data-action="close" data-bind="
                    attr: {
                        title: $t('Close')
                    },
                    click: closeMinicart()
                " title="Schließen">
            <span><!-- ko i18n: 'Close' --><span>Schließen</span><!-- /ko --></span>
        </button>

    </div>

    <strong class="subtitle"><!-- ko i18n: 'Recently added item(s)' --><span>Zuletzt hinzugefügte Artikel</span><!-- /ko --></strong>
    <div data-action="scroll" class="minicart-items-wrapper quickcart-items-wrapper">
        <ol id="mini-cart" class="minicart-items quickcart-items" data-bind="foreach: { data: getCartItems(), as: 'item' }"></ol>
    </div>

    <!-- ko ifnot: getCartParam('summary_count') -->
        <strong class="subtitle empty no-items-position">
            <!-- ko i18n: 'You have no items in your shopping cart.' --><span>Du hast keine Artikel im Warenkorb.</span><!-- /ko -->
        </strong>
        <!-- ko if: getCartParam('cart_empty_message') --><!-- /ko -->
    <!-- /ko -->



    <!-- ko if: getCartParam('summary_count') --><!-- /ko -->
</div>
<!-- ko foreach: getRegion('sign-in-popup') --><!-- /ko -->
<!-- /ko --></div></div></div></div></ul></div></div></header>  <div class="cookie-status-message" id="cookie-status" style="display: none;">The store will not work correctly in the case when cookies are disabled.</div> <script type="text/javascript">document.querySelector("#cookie-status").style.display = "none";</script>   <noscript><div class="message global noscript"><div class="content"><p><strong>JavaScript scheint in Ihrem Browser deaktiviert zu sein.</strong> <span> Um unsere Website in bester Weise zu erfahren, aktivieren Sie Javascript in Ihrem Browser.</span></p></div></div></noscript> <script type="text/javascript">    require.config({
        map: {
            '*': {
                wysiwygAdapter: 'mage/adminhtml/wysiwyg/tiny_mce/tinymce5Adapter'
            }
        }
    });</script> <script type="text/javascript"> window.cookiesConfig = window.cookiesConfig || {}; window.cookiesConfig.secure = true; </script> <script type="text/javascript">
    require.config({
        paths: {
            googleMaps: 'https\u003A\u002F\u002Fmaps.googleapis.com\u002Fmaps\u002Fapi\u002Fjs\u003Fv\u003D3\u0026key\u003D'
        },
        config: {
            'Magento_PageBuilder/js/utils/map': {
                style: ''
            },
            'Magento_PageBuilder/js/content-type/map/preview': {
                apiKey: '',
                apiKeyErrorMessage: 'You\u0020must\u0020provide\u0020a\u0020valid\u0020\u003Ca\u0020href\u003D\u0027https\u003A\u002F\u002Fmaxinutrition.de\u002Fadminhtml\u002Fsystem_config\u002Fedit\u002Fsection\u002Fcms\u002F\u0023cms_pagebuilder\u0027\u0020target\u003D\u0027_blank\u0027\u003EGoogle\u0020Maps\u0020API\u0020key\u003C\u002Fa\u003E\u0020to\u0020use\u0020a\u0020map.'
            },
            'Magento_PageBuilder/js/form/element/map': {
                apiKey: '',
                apiKeyErrorMessage: 'You\u0020must\u0020provide\u0020a\u0020valid\u0020\u003Ca\u0020href\u003D\u0027https\u003A\u002F\u002Fmaxinutrition.de\u002Fadminhtml\u002Fsystem_config\u002Fedit\u002Fsection\u002Fcms\u002F\u0023cms_pagebuilder\u0027\u0020target\u003D\u0027_blank\u0027\u003EGoogle\u0020Maps\u0020API\u0020key\u003C\u002Fa\u003E\u0020to\u0020use\u0020a\u0020map.'
            },
        }
    });</script> <script type="text/javascript">
    require.config({
        shim: {
            'Magento_PageBuilder/js/utils/map': {
                deps: ['googleMaps']
            }
        }
    });</script> <noscript><iframe src="https://www.googletagmanager.com/ns.html?id=GTM-PRDH793" height="0" width="0" style="display:none;visibility:hidden"></iframe></noscript>  <script data-cookieconsent="statistics" type="text/javascript">
        require([
            'jquery',
            'underscore'
        ], function ($, _) {
            $(document).ready(function(){
                function dwin() {
                    var awMastertag = document.createElement("script");
                    awMastertag.setAttribute("defer", "defer");
                    awMastertag.setAttribute("data-cookieconsent", "statistics");
                    awMastertag.src = "https://www.dwin1.com/15651.js";
                    awMastertag.type = "text/javascript";
                    document.getElementsByTagName("body")[0].appendChild(awMastertag);
                }


                    if (Cookiebot && !Cookiebot.hasResponse) {
                        window.addEventListener('CookiebotOnAccept', function () {
                            if (Cookiebot.consent.statistics) {
                                dwin();
                            }
                        });
                    }
                    else if (Cookiebot.consent.statistics) {
                        dwin();
                    }


            });

        });</script> <script data-cookieconsent="statistics" type="text/javascript">
        function batBing(w,d,t,r,u){var f,n,i;w[u]=w[u]||[] ,f=function(){var o={ti:"25016533"}; o.q=w[u],w[u]=new UET(o),w[u].push("pageLoad")} ,n=d.createElement(t),n.setAttribute("data-cookieconsent", "statistics"),n.src=r,n.async=1,n.onload=n .onreadystatechange=function() {var s=this.readyState;s &&s!=="loaded"&& s!=="complete"||(f(),n.onload=n. onreadystatechange=null)},i= d.getElementsByTagName(t)[0],i. parentNode.insertBefore(n,i)}


       if ( typeof Cookiebot !== 'undefined' && !Cookiebot.hasResponse) {
            window.addEventListener('CookiebotOnAccept', function () {
                if (Cookiebot.consent.statistics) {
                    batBing(window,document,"script"," https://bat.bing.com/bat.js","uetq");
                }
            });
        }

            require([
                'jquery',
                'underscore'
            ], function ($, _) {
                $(document).ready(function(){
                    
                    if (typeof Cookiebot !== 'undefined' && Cookiebot.consent.statistics) {
                        batBing(window,document,"script"," https://bat.bing.com/bat.js","uetq");
                    }

                    
                });

            });</script><div id="page-wrapper" class="page-wrapper"> <div class="message__wrapper" data-bind="scope: 'messages'"><!-- ko if: cookieMessages && cookieMessages.length > 0 --><!-- /ko --><!-- ko if: messages().messages && messages().messages.length > 0 --><!-- /ko --></div><main id="maincontent" class="main-content"> <a id="contentarea" tabindex="-1"></a><div class="page messages"> <div data-placeholder="messages"></div></div><div class="columns"> <div class="column main"><input name="form_key" type="hidden" value="y1yOs4xM6Q5sFNeD">     <div id="monkey_campaign" style="display:none;"></div> <script type="text/javascript">
        if (window.require) {
            require(['jquery', 'Magefan_Blog/js/lib/mfblogunveil', 'domReady!'], function($){
                $('.mfblogunveil').mfblogunveil();
            });
        } else {
            /* e.g. hyva theme */
            document.addEventListener("DOMContentLoaded", function(){
                var items =  document.getElementsByClassName('mfblogunveil');
                var el, url;
                if (items.length) {
                    for (var i=0; i<items.length;i++) {
                        el = items[i];
                        url = el.getAttribute('data-original');
                        if (!url) {
                            continue;
                        }
                        if ('IMG' == el.tagName) {
                            el.src = url;
                        } else {
                            el.style.backgroundImage = "url('" + url  + "')";
                        }
                    }
                }
            });
        }</script> <style>#html-body [data-pb-style=BIVL6XL],#html-body [data-pb-style=TAVRM0P]{background-position:left top;background-size:cover;background-repeat:no-repeat;background-attachment:scroll}#html-body [data-pb-style=BIVL6XL]{justify-content:flex-start;display:flex;flex-direction:column;border-style:none;border-width:1px;border-radius:0;margin:0 0 10px;padding:10px}#html-body [data-pb-style=TAVRM0P]{align-self:stretch}#html-body [data-pb-style=OY233HN]{display:flex;width:100%}#html-body [data-pb-style=TQ9CSGJ]{justify-content:flex-start;display:flex;flex-direction:column;background-position:left top;background-size:cover;background-repeat:no-repeat;background-attachment:scroll;border-style:none;border-width:1px;border-radius:0;width:25%;margin:0;padding:10px;align-self:stretch}#html-body [data-pb-style=VTGQRKS]{text-align:center;border-style:none;border-width:1px;border-radius:0;margin:0;padding:0}#html-body [data-pb-style=MT2BDJ1]{justify-content:flex-start;display:flex;flex-direction:column;background-position:left top;background-size:cover;background-repeat:no-repeat;background-attachment:scroll;border-style:none;border-width:1px;border-radius:0;width:25%;margin:0;padding:10px;align-self:stretch}#html-body [data-pb-style=DE3MJKY]{text-align:center;border-style:none;border-width:1px;border-radius:0;margin:0;padding:0}#html-body [data-pb-style=MN0KMCH]{justify-content:flex-start;display:flex;flex-direction:column;background-position:left top;background-size:cover;background-repeat:no-repeat;background-attachment:scroll;border-style:none;border-width:1px;border-radius:0;width:25%;margin:0;padding:10px;align-self:stretch}#html-body [data-pb-style=L52SMVH]{text-align:center;border-style:none;border-width:1px;border-radius:0;margin:0;padding:0}#html-body [data-pb-style=HDPMX3T]{justify-content:flex-start;display:flex;flex-direction:column;background-position:left top;background-size:cover;background-repeat:no-repeat;background-attachment:scroll;border-style:none;border-width:1px;border-radius:0;width:25%;margin:0;padding:10px;align-self:stretch}#html-body [data-pb-style=AXYLR7L],#html-body [data-pb-style=K7GHVPJ]{text-align:center;border-style:none;border-width:1px;border-radius:0;margin:0;padding:0}#html-body [data-pb-style=K7GHVPJ]{justify-content:center;display:flex;flex-direction:column;background-position:left top;background-size:cover;background-repeat:no-repeat;background-attachment:scroll;margin:0 0 10px;padding:10px}#html-body [data-pb-style=NRXG4R5]{text-align:center;border-style:none;border-width:1px;border-radius:0;margin:0;padding:0}#html-body [data-pb-style=F0LVFU9],#html-body [data-pb-style=KXG7RLE],#html-body [data-pb-style=P7KW67A]{margin:0}#html-body [data-pb-style=DUQE333]{justify-content:flex-start;display:flex;flex-direction:column;background-position:left top;background-size:cover;background-repeat:no-repeat;background-attachment:scroll;border-style:none;border-width:1px;border-radius:0;margin:0 0 10px;padding:50px 10px 10px}#html-body [data-pb-style=KBR5OU7]{border-style:none;border-width:1px;border-radius:0;margin:0;padding:0}#html-body [data-pb-style=TE9KJCH]{background-position:left top;background-size:cover;background-repeat:no-repeat;background-attachment:scroll;align-self:stretch}#html-body [data-pb-style=DIBOQR2]{display:flex;width:100%}#html-body [data-pb-style=WDRXN5V]{justify-content:flex-start;display:flex;flex-direction:column;background-position:left top;background-size:cover;background-repeat:no-repeat;background-attachment:scroll;border-style:none;border-width:1px;border-radius:0;width:33.3333%;margin:0;padding:10px;align-self:stretch}#html-body [data-pb-style=WB1KOKC]{text-align:center;margin:0;padding:0;border-style:none}#html-body [data-pb-style=GSM30WA],#html-body [data-pb-style=WPFT26L]{border-style:none;border-width:1px;border-radius:0;max-width:100%;height:auto}#html-body [data-pb-style=I5P6L39],#html-body [data-pb-style=T1WR338]{border-style:none;border-width:1px;border-radius:0;margin:0;padding:0}#html-body [data-pb-style=T1WR338]{justify-content:flex-start;display:flex;flex-direction:column;background-position:left top;background-size:cover;background-repeat:no-repeat;background-attachment:scroll;width:33.3333%;padding:10px;align-self:stretch}#html-body [data-pb-style=NQETEL2]{text-align:center;margin:0;padding:0;border-style:none}#html-body [data-pb-style=RCE6GX7],#html-body [data-pb-style=WRVS407]{border-style:none;border-width:1px;border-radius:0;max-width:100%;height:auto}#html-body [data-pb-style=GMR2R61],#html-body [data-pb-style=NW1S9OU]{border-style:none;border-width:1px;border-radius:0;margin:0;padding:0}#html-body [data-pb-style=GMR2R61]{justify-content:flex-start;display:flex;flex-direction:column;background-position:left top;background-size:cover;background-repeat:no-repeat;background-attachment:scroll;width:33.3333%;padding:10px;align-self:stretch}#html-body [data-pb-style=VG7VSW0]{text-align:center;margin:0;padding:0;border-style:none}#html-body [data-pb-style=HYRAWRC],#html-body [data-pb-style=PFB2MNT]{border-style:none;border-width:1px;border-radius:0;max-width:100%;height:auto}#html-body [data-pb-style=Q6IPQSR],#html-body [data-pb-style=XX0QYR4]{border-style:none;border-width:1px;border-radius:0;margin:0;padding:0}#html-body [data-pb-style=Q6IPQSR]{justify-content:flex-start;display:flex;flex-direction:column;background-position:left top;background-size:cover;background-repeat:no-repeat;background-attachment:scroll;margin:0 0 10px;padding:50px 10px 10px}#html-body [data-pb-style=FO8OOTC],#html-body [data-pb-style=PVNLCUF],#html-body [data-pb-style=RCW9QMS]{border-style:none;border-width:1px;border-radius:0;margin:0;padding:0}#html-body [data-pb-style=BB2QBP1],#html-body [data-pb-style=UTM5X5C]{background-position:left top;background-size:cover;background-repeat:no-repeat;background-attachment:scroll}#html-body [data-pb-style=UTM5X5C]{justify-content:flex-start;display:flex;flex-direction:column;border-style:none;border-width:1px;border-radius:0;margin:0 0 10px;padding:50px 10px 10px}#html-body [data-pb-style=BB2QBP1]{align-self:stretch}#html-body [data-pb-style=MY6DW6D]{display:flex;width:100%}#html-body [data-pb-style=ODO7TCH]{justify-content:flex-start;display:flex;flex-direction:column;background-position:center top;background-size:cover;background-repeat:no-repeat;background-attachment:scroll;text-align:center;border-style:none;border-width:1px;border-radius:0;width:58.3333%;margin:0;padding:10px;align-self:center}#html-body [data-pb-style=P9SW0HX]{text-align:left;margin:0;padding:0;border-style:none}#html-body [data-pb-style=HX0NNQR],#html-body [data-pb-style=Q7CTEI4]{border-style:none;border-width:1px;border-radius:0;max-width:100%;height:auto}#html-body [data-pb-style=R2G0KN1]{justify-content:flex-start;display:flex;flex-direction:column;background-position:left top;background-size:cover;background-repeat:no-repeat;background-attachment:scroll;border-style:none;border-width:1px;border-radius:0;width:41.6667%;margin:0;padding:10px;align-self:stretch}#html-body [data-pb-style=BYIPVHP],#html-body [data-pb-style=U7F77L1],#html-body [data-pb-style=YD2NBE7]{border-style:none;border-width:1px;border-radius:0;margin:0;padding:0}#html-body [data-pb-style=BYIPVHP]{text-align:left;padding:10px 10px 0}#html-body [data-pb-style=YEJCF16]{display:inline-block}#html-body [data-pb-style=HI9QTR0]{text-align:center}#html-body [data-pb-style=D20O8DL],#html-body [data-pb-style=VJYML2H]{background-position:left top;background-size:cover;background-repeat:no-repeat;background-attachment:scroll}#html-body [data-pb-style=VJYML2H]{justify-content:flex-start;display:flex;flex-direction:column;border-style:none;border-width:1px;border-radius:0;margin:0 0 10px;padding:10px}#html-body [data-pb-style=D20O8DL]{align-self:stretch}#html-body [data-pb-style=BEAMFHE]{display:flex;width:100%}#html-body [data-pb-style=S131XD0]{justify-content:flex-start;display:flex;flex-direction:column;background-position:left top;background-size:cover;background-repeat:no-repeat;background-attachment:scroll;border-style:none;border-width:1px;border-radius:0;width:41.6667%;margin:0;padding:10px;align-self:stretch}#html-body [data-pb-style=FNHRX65],#html-body [data-pb-style=S6EWWDK],#html-body [data-pb-style=Y7RLW5F]{border-style:none;border-width:1px;border-radius:0;margin:0;padding:0}#html-body [data-pb-style=S6EWWDK]{text-align:left;padding:10px 10px 0}#html-body [data-pb-style=OGOH0SG]{display:inline-block}#html-body [data-pb-style=W4KP9YI]{text-align:center}#html-body [data-pb-style=OHJB0MI]{justify-content:flex-start;display:flex;flex-direction:column;background-position:center top;background-size:cover;background-repeat:no-repeat;background-attachment:scroll;text-align:center;border-style:none;border-width:1px;border-radius:0;width:58.3333%;margin:0;padding:10px;align-self:stretch}#html-body [data-pb-style=TV0JSST]{text-align:left;margin:0;padding:0;border-style:none}#html-body [data-pb-style=JAIOMYE],#html-body [data-pb-style=XC2T7H3]{border-style:none;border-width:1px;border-radius:0;max-width:100%;height:auto}#html-body [data-pb-style=P8PIVKE]{justify-content:flex-start;display:flex;flex-direction:column;background-position:left top;background-size:cover;background-repeat:no-repeat;background-attachment:scroll;border-style:none;border-width:1px;border-radius:0;margin:0 0 10px;padding:50px 10px 10px}#html-body [data-pb-style=OQGH538]{border-style:none;border-width:1px;border-radius:0;margin:30px 0 0;padding:0}#html-body [data-pb-style=W1DA9SJ]{background-position:left top;background-size:cover;background-repeat:no-repeat;background-attachment:scroll;align-self:stretch}#html-body [data-pb-style=RVXF3D1]{display:flex;width:100%}#html-body [data-pb-style=B61G4R9]{justify-content:flex-start;display:flex;flex-direction:column;background-position:left top;background-size:cover;background-repeat:no-repeat;background-attachment:scroll;border-style:none;border-width:1px;border-radius:0;width:25%;margin:0;padding:10px;align-self:stretch}#html-body [data-pb-style=LI2O4PQ]{text-align:center;margin:0 0 15px;padding:0;border-style:none}#html-body [data-pb-style=DWT3NGG],#html-body [data-pb-style=KIEBEI7]{border-style:none;border-width:1px;border-radius:0;max-width:100%;height:auto}#html-body [data-pb-style=CH2THOS],#html-body [data-pb-style=J4X5QRA],#html-body [data-pb-style=XXKLEJ7]{border-style:none;border-width:1px;border-radius:0;margin:0;padding:0}#html-body [data-pb-style=J4X5QRA]{justify-content:flex-start;display:flex;flex-direction:column;background-position:left top;background-size:cover;background-repeat:no-repeat;background-attachment:scroll;width:25%;padding:10px;align-self:stretch}#html-body [data-pb-style=XE404LA]{text-align:center;margin:0 0 15px;padding:0;border-style:none}#html-body [data-pb-style=D751N2H],#html-body [data-pb-style=I8J8H32]{border-style:none;border-width:1px;border-radius:0;max-width:100%;height:auto}#html-body [data-pb-style=K0JS1O3],#html-body [data-pb-style=KU80DKD],#html-body [data-pb-style=NDPFL83]{border-style:none;border-width:1px;border-radius:0;margin:0;padding:0}#html-body [data-pb-style=KU80DKD]{justify-content:flex-start;display:flex;flex-direction:column;background-position:left top;background-size:cover;background-repeat:no-repeat;background-attachment:scroll;width:25%;padding:10px;align-self:stretch}#html-body [data-pb-style=QSM2JFK]{text-align:center;margin:0 0 15px;padding:0;border-style:none}#html-body [data-pb-style=OCJGY4B],#html-body [data-pb-style=YV8CU5I]{border-style:none;border-width:1px;border-radius:0;max-width:100%;height:auto}#html-body [data-pb-style=ERN7XAN],#html-body [data-pb-style=WO9TQ3X],#html-body [data-pb-style=YI314X1]{border-style:none;border-width:1px;border-radius:0;margin:0;padding:0}#html-body [data-pb-style=YI314X1]{justify-content:flex-start;display:flex;flex-direction:column;background-position:left top;background-size:cover;background-repeat:no-repeat;background-attachment:scroll;width:25%;padding:10px;align-self:stretch}#html-body [data-pb-style=KQQBXCI]{text-align:center;margin:0 0 15px;padding:0;border-style:none}#html-body [data-pb-style=A2GJQ7Y],#html-body [data-pb-style=LLB5US5]{border-style:none;border-width:1px;border-radius:0;max-width:100%;height:auto}#html-body [data-pb-style=C64Y6QD],#html-body [data-pb-style=ET974TR]{border-style:none;border-width:1px;border-radius:0;margin:0;padding:0}#html-body [data-pb-style=J3T8VWV]{justify-content:flex-start;display:flex;flex-direction:column;background-position:left top;background-size:cover;background-repeat:no-repeat;background-attachment:scroll;border-style:none;border-width:1px;border-radius:0;min-height:130px;padding-left:10px;padding-right:10px}#html-body [data-pb-style=E6YOESJ]{border-style:none;border-width:1px;border-radius:0;margin:0;padding:0}#html-body [data-pb-style=QPG9WUL]{justify-content:flex-start;display:flex;flex-direction:column;background-position:left top;background-size:cover;background-repeat:no-repeat;background-attachment:scroll;border-style:none;border-width:1px;border-radius:0}#html-body [data-pb-style=J80SWDB],#html-body [data-pb-style=JFSB1BB]{border-style:none;border-width:1px;border-radius:0;margin:0;padding:0}#html-body [data-pb-style=J80SWDB]{justify-content:flex-start;display:flex;flex-direction:column;background-color:#f5f5f5;background-position:left top;background-size:cover;background-repeat:no-repeat;background-attachment:scroll;margin:0 0 10px;padding:50px 10px}#html-body [data-pb-style=IENKAD4],#html-body [data-pb-style=W1RKDKU]{border-style:none;border-width:1px;border-radius:0;margin:0;padding:0}#html-body [data-pb-style=EC9LHEO]{justify-content:flex-start;display:flex;flex-direction:column;background-position:left top;background-size:cover;background-repeat:no-repeat;background-attachment:scroll;border-style:none;border-width:1px;border-radius:0;margin-left:0;margin-top:0;margin-right:0;padding:50px 10px 10px}#html-body [data-pb-style=C3DIEKL],#html-body [data-pb-style=CDSRFU3]{border-style:none;border-width:1px;border-radius:0;margin:0;padding:0}#html-body [data-pb-style=CSY00FQ],#html-body [data-pb-style=FWF9CKI]{background-position:left top;background-size:cover;background-repeat:no-repeat;background-attachment:scroll}#html-body [data-pb-style=FWF9CKI]{justify-content:flex-start;display:flex;flex-direction:column;border-style:none;border-width:1px;border-radius:0;margin:0 0 50px;padding:50px 10px}#html-body [data-pb-style=CSY00FQ]{align-self:stretch}#html-body [data-pb-style=S3RJT3F]{display:flex;width:100%}#html-body [data-pb-style=LJ1H7OC]{justify-content:flex-start;display:flex;flex-direction:column;background-position:left top;background-size:cover;background-repeat:no-repeat;background-attachment:scroll;border-style:none;border-width:1px;border-radius:0;width:100%;margin:0;padding:10px;align-self:stretch}#html-body [data-pb-style=NMKNCS1]{display:none}#html-body [data-pb-style=BTK1OLC],#html-body [data-pb-style=NMKNCS1],#html-body [data-pb-style=OK8XSSX]{border-style:none;border-width:1px;border-radius:0;margin:0;padding:0}@media only screen and (max-width: 768px) { #html-body [data-pb-style=KQQBXCI],#html-body [data-pb-style=LI2O4PQ],#html-body [data-pb-style=NQETEL2],#html-body [data-pb-style=P9SW0HX],#html-body [data-pb-style=QSM2JFK],#html-body [data-pb-style=TV0JSST],#html-body [data-pb-style=VG7VSW0],#html-body [data-pb-style=WB1KOKC],#html-body [data-pb-style=XE404LA]{border-style:none} }</style><div data-content-type="row" data-appearance="contained" data-element="main"><div class="mobile-only-small-naviagtion" data-enable-parallax="0" data-parallax-speed="0.5" data-background-images="{}" data-background-type="image" data-video-loop="true" data-video-play-only-visible="true" data-video-lazy-load="true" data-video-fallback-src="" data-element="inner" data-pb-style="BIVL6XL"><div class="pagebuilder-column-group" data-background-images="{}" data-content-type="column-group" data-appearance="default" data-grid-size="12" data-element="main" data-pb-style="TAVRM0P"><div class="pagebuilder-column-line" data-content-type="column-line" data-element="main" data-pb-style="OY233HN"><div class="pagebuilder-column" data-content-type="column" data-appearance="full-height" data-background-images="{}" data-element="main" data-pb-style="TQ9CSGJ"><div data-content-type="text" data-appearance="default" data-element="main" data-pb-style="VTGQRKS"><p><a tabindex="0" href="https://maxinutrition.de/shop/proteinpulver"><span style="color: rgb(0, 0, 0);">Pulver</span></a></p></div></div><div class="pagebuilder-column" data-content-type="column" data-appearance="full-height" data-background-images="{}" data-element="main" data-pb-style="MT2BDJ1"><div data-content-type="text" data-appearance="default" data-element="main" data-pb-style="DE3MJKY"><p><a tabindex="0" href="https://maxinutrition.de/shop/proteinriegel-snacks"><span style="color: rgb(0, 0, 0);">Riegel</span></a></p></div></div><div class="pagebuilder-column" data-content-type="column" data-appearance="full-height" data-background-images="{}" data-element="main" data-pb-style="MN0KMCH"><div data-content-type="text" data-appearance="default" data-element="main" data-pb-style="L52SMVH"><p><a tabindex="0" href="https://maxinutrition.de/shop/ready-to-drink"><span style="color: rgb(0, 0, 0);">Drinks</span></a></p></div></div><div class="pagebuilder-column" data-content-type="column" data-appearance="full-height" data-background-images="{}" data-element="main" data-pb-style="HDPMX3T"><div data-content-type="text" data-appearance="default" data-element="main" data-pb-style="AXYLR7L"><p><a tabindex="0" href="https://maxinutrition.de/shop/hydration"><span style="color: rgb(0, 0, 0);">Hydration</span></a></p></div></div></div></div></div></div><div class="homepage-slider-container row-slider-container" data-content-type="row" data-appearance="full-bleed" data-enable-parallax="0" data-parallax-speed="0.5" data-background-images="{}" data-background-type="image" data-video-loop="true" data-video-play-only-visible="true" data-video-lazy-load="true" data-video-fallback-src="" data-element="main" data-pb-style="K7GHVPJ"><div class="pagebuilder-info-slider slider slider--stage magecloud slick-initialized slick-slider slick-dotted" data-content-type="slider" data-appearance="info" data-autoplay="true" data-autoplay-speed="9000" data-fade="true" data-infinite-loop="true" data-show-arrows="false" data-show-dots="true" data-element="main" data-pb-style="NRXG4R5"><div class="slick-list draggable"><div class="slick-track" style="opacity: 1; width: 5760px;"><div class="slick-slide" data-slick-index="0" aria-hidden="true" style="width: 1920px; position: relative; left: 0px; top: 0px; z-index: 998; opacity: 0; transition: opacity 500ms ease 0s;" role="tabpanel" id="slick-slide10" aria-describedby="slick-slide-control10" tabindex="-1"><div><div data-content-type="krueger_slide" data-slide-name="" data-appearance="default" data-element="main" data-pb-style="F0LVFU9" style="width: 100%; display: inline-block;"><a href="https://maxinutrition.de/shop/geschmackspulver/" target="" data-link-type="default" data-element="link" tabindex="-1"><div class="pagebuilder-slide-wrapper stage"><div class="pagebuilder-slider-content stage__media"><picture><source media="(max-width: 479px)" srcset="js/231025_Launch_MaxFlavour_Mobil.jpg 1x" data-element="mobile_image"><img alt="" src="images/231025_Launch_MaxFlavour_Desktop.jpg" data-element="desktop_image"></picture></div><div class="container"><div class="stage__content"><div class="row justify-content-xs-end util-text-left util-reset-margin-bottom"><div class="col-xs-12 col-md-6 util-reset-margin"><h2 data-element="content"></h2></div></div></div></div></div></a></div></div></div><div class="slick-slide slick-current slick-active" data-slick-index="1" aria-hidden="false" style="width: 1920px; position: relative; left: -1920px; top: 0px; z-index: 999; opacity: 1;" role="tabpanel" id="slick-slide11" aria-describedby="slick-slide-control11"><div><div data-content-type="krueger_slide" data-slide-name="" data-appearance="default" data-element="main" data-pb-style="KXG7RLE" style="width: 100%; display: inline-block;"><a href="https://maxinutrition.de/shop/proteinpulver/maxclear/" target="" data-link-type="default" data-element="link" tabindex="0"><div class="pagebuilder-slide-wrapper stage"><div class="pagebuilder-slider-content stage__media"><picture><source media="(max-width: 479px)" srcset="js/maxinutrition-launch-maxclear-mobil.jpg 1x" data-element="mobile_image"><img alt="" src="images/maxinutrition-launch-maxclear-desktop.jpg" data-element="desktop_image"></picture></div><div class="container"><div class="stage__content"><div class="row justify-content-xs-end util-text-left util-reset-margin-bottom"><div class="col-xs-12 col-md-6 util-reset-margin"><h2 data-element="content"></h2></div></div></div></div></div></a></div></div></div><div class="slick-slide" data-slick-index="2" aria-hidden="true" style="width: 1920px; position: relative; left: -3840px; top: 0px; z-index: 998; opacity: 0; transition: opacity 500ms ease 0s;" role="tabpanel" id="slick-slide12" aria-describedby="slick-slide-control12" tabindex="-1"><div><div data-content-type="krueger_slide" data-slide-name="" data-appearance="default" data-element="main" data-pb-style="P7KW67A" style="width: 100%; display: inline-block;"><a href="https://maxinutrition.de/creatine-monohydrate/" target="" data-link-type="default" data-element="link" tabindex="-1"><div class="pagebuilder-slide-wrapper stage"><div class="pagebuilder-slider-content stage__media"><picture><source media="(max-width: 479px)" srcset="js/maxinutrition_Creatine_Mobil.jpg 1x" data-element="mobile_image"><img alt="" src="images/maxinutrition_Creatine_Desktop.jpg" data-element="desktop_image"></picture></div><div class="container"><div class="stage__content"><div class="row justify-content-xs-end util-text-left util-reset-margin-bottom"><div class="col-xs-12 col-md-6 util-reset-margin"><h2 data-element="content"></h2></div></div></div></div></div></a></div></div></div></div></div><ul class="slick-dots" style="" role="tablist"><li class="" role="presentation"><button type="button" role="tab" id="slick-slide-control10" aria-controls="slick-slide10" aria-label="1 of 3" tabindex="-1">1</button></li><li role="presentation" class="slick-active"><button type="button" role="tab" id="slick-slide-control11" aria-controls="slick-slide11" aria-label="2 of 3" tabindex="0" aria-selected="true">2</button></li><li role="presentation" class=""><button type="button" role="tab" id="slick-slide-control12" aria-controls="slick-slide12" aria-label="3 of 3" tabindex="-1">3</button></li></ul></div></div><div data-content-type="row" data-appearance="contained" data-element="main"><div class="custom-your-goals" data-enable-parallax="0" data-parallax-speed="0.5" data-background-images="{}" data-background-type="image" data-video-loop="true" data-video-play-only-visible="true" data-video-lazy-load="true" data-video-fallback-src="" data-element="inner" data-pb-style="DUQE333"><div data-content-type="text" data-appearance="default" data-element="main" data-pb-style="KBR5OU7"><p><span style="font-size: 32px;">Deine Ziele</span></p></div><div class="pagebuilder-column-group" data-background-images="{}" data-content-type="column-group" data-appearance="default" data-grid-size="12" data-element="main" data-pb-style="TE9KJCH"><div class="pagebuilder-column-line" data-content-type="column-line" data-element="main" data-pb-style="DIBOQR2"><div class="pagebuilder-column deine-zieie-custom-links" data-content-type="column" data-appearance="full-height" data-background-images="{}" data-element="main" data-pb-style="WDRXN5V"><figure data-content-type="image" data-appearance="full-width" data-element="main" data-pb-style="WB1KOKC"><a href="https://maxinutrition.de/shop/wunschgewicht" target="" data-link-type="default" title="" data-element="link"><img class="pagebuilder-mobile-hidden" src="images/img-goal-shaping_1.jpg" alt="" title="" data-element="desktop_image" data-pb-style="WPFT26L"><img class="pagebuilder-mobile-only" src="images/img-goal-shaping_1.jpg" alt="" title="" data-element="mobile_image" data-pb-style="GSM30WA"></a></figure><div data-content-type="text" data-appearance="default" data-element="main" data-pb-style="I5P6L39"><p style="text-align: center;"><a tabindex="0" href="https://maxinutrition.de/shop/wunschgewicht"><span style="font-size: 20px; color: rgb(255, 255, 255);">Wunschgewicht</span></a></p></div></div><div class="pagebuilder-column deine-zieie-custom-links" data-content-type="column" data-appearance="full-height" data-background-images="{}" data-element="main" data-pb-style="T1WR338"><figure data-content-type="image" data-appearance="full-width" data-element="main" data-pb-style="NQETEL2"><a href="https://maxinutrition.de/shop/muskelaufbau" target="" data-link-type="default" title="" data-element="link"><img class="pagebuilder-mobile-hidden" src="images/img-goal-muscle_1.jpg" alt="" title="" data-element="desktop_image" data-pb-style="RCE6GX7"><img class="pagebuilder-mobile-only" src="images/img-goal-muscle_1.jpg" alt="" title="" data-element="mobile_image" data-pb-style="WRVS407"></a></figure><div data-content-type="text" data-appearance="default" data-element="main" data-pb-style="NW1S9OU"><p style="text-align: center;"><a tabindex="0" href="https://maxinutrition.de/shop/muskelaufbau"><span style="font-size: 20px; color: rgb(255, 255, 255);">Muskelaufbau</span></a></p></div></div><div class="pagebuilder-column deine-zieie-custom-links" data-content-type="column" data-appearance="full-height" data-background-images="{}" data-element="main" data-pb-style="GMR2R61"><figure data-content-type="image" data-appearance="full-width" data-element="main" data-pb-style="VG7VSW0"><a href="https://maxinutrition.de/shop/gesund-leben" target="" data-link-type="default" title="" data-element="link"><img class="pagebuilder-mobile-hidden" src="images/img-goal-healthy_1.jpg" alt="" title="" data-element="desktop_image" data-pb-style="HYRAWRC"><img class="pagebuilder-mobile-only" src="images/img-goal-healthy_1.jpg" alt="" title="" data-element="mobile_image" data-pb-style="PFB2MNT"></a></figure><div data-content-type="text" data-appearance="default" data-element="main" data-pb-style="XX0QYR4"><p style="text-align: center;"><a tabindex="0" href="https://maxinutrition.de/shop/gesund-leben"><span style="font-size: 20px; color: rgb(255, 255, 255);">Gesund leben</span></a></p></div></div></div></div></div></div><div data-content-type="row" data-appearance="contained" data-element="main"><div class="new-products first" data-enable-parallax="0" data-parallax-speed="0.5" data-background-images="{}" data-background-type="image" data-video-loop="true" data-video-play-only-visible="true" data-video-lazy-load="true" data-video-fallback-src="" data-element="inner" data-pb-style="Q6IPQSR"><div data-content-type="text" data-appearance="default" data-element="main" data-pb-style="FO8OOTC"><p><span style="font-size: 32px;">Unsere Bestseller</span></p></div><div data-content-type="products" data-appearance="carousel" data-autoplay="false" data-autoplay-speed="4000" data-infinite-loop="false" data-show-arrows="false" data-show-dots="true" data-carousel-mode="default" data-center-padding="90px" data-element="main" data-pb-style="PVNLCUF"> <ol class="product-items widget-product-carousel slick-initialized slick-slider slick-dotted"><div class="slick-list draggable"><div class="slick-track" style="opacity: 1; width: 3447px; transform: translate3d(0px, 0px, 0px);"><div class="slick-slide slick-current slick-active" data-slick-index="0" aria-hidden="false" style="width: 383px;" role="tabpanel" id="slick-slide20"><div><li class="product-item " style="width: 100%; display: inline-block;"> <div class="product-item-info product-item__inner"> <a href="https://maxinutrition.de/creamy-core-protein-bar-strawberry-yoghurt/" class="product-item-photo" tabindex="0"> <span class="product-image-container" style="width:240px;"><span class="product-image-wrapper product-item__image" style="padding-bottom: 125%;"><img class="product-image-photo lazyload--fade lazyloaded" src="images/maxinutrition-creamy-core-protein-bar-strawberry-yoghurt-tra.jpg" data-src="https://maxinutrition.de/media/catalog/product/cache/12435a866fdfc952438ec689851c8e22/m/a/maxinutrition-creamy-core-protein-bar-strawberry-yoghurt-tray-riegel.jpg" width="" height="" alt="Creamy Core Protein Bar"></span></span></a> <div class="product-item-details"><strong class="product-item-name product-item__description"><a title="Creamy Core Protein Bar" href="https://maxinutrition.de/creamy-core-protein-bar-strawberry-yoghurt/" class="product-item-link" tabindex="0">Creamy Core Protein Bar</a></strong> <div class="product-item__label selected" style="background-color: #EEDFE7 ; color: #93275F ">Filled Bar</div> <div class="product-item__additional-info"> <span class="product-item__flavor"> <span class="flavour-color" style="background-color: #E13232"></span> Strawberry Yoghurt</span> <span class="product-item__packaging-unit"> 12 x 45g</span> </div> <div class="product-item__actions product-item-actions"><div class="price-box price-final_price" data-role="priceBox" data-product-id="471" data-price-box="product-id-471"> <span class="special-price"> <span class="price-container price-final_price tax weee"> <span class="price-label">Sonderangebot</span> <span id="old-price-471-widget-product-carousel" data-price-amount="22.69" data-price-type="finalPrice" class="price-wrapper  finalPrice"><span class="price">22,69&nbsp;€</span></span> <span class="search-price" style="display: none"> <span class="price-per-kg">12 x 45g (42,02&nbsp;€/1kg)</span> </span> <span class="price-details"><small> <span class="base-price" data-config="{&quot;471&quot;:{&quot;basePriceAmount&quot;:&quot;42,02\u00a0\u20ac&quot;,&quot;basePriceReferenceAmount&quot;:&quot;1&quot;,&quot;basePriceReferenceUnit&quot;:&quot;kg&quot;}}"><span data-initial-value="42,02&nbsp;€" class="base-price__amount">42,02&nbsp;€</span> / <span data-initial-value="1" class="base-price__reference-amount">1</span> <span data-initial-value="kg" class="base-price__reference-unit">kg</span></span> <div class="second-text">inkl. MwSt., zzgl. <a href="https://maxinutrition.de/rest/V1/paymentAndShipping/" data-fancybox="" data-type="ajax" tabindex="0">Versand</a></div> </small></span></span></span> <span class="old-price"> <span class="price-container price-final_price tax weee"> <span class="price-label">Normalpreis</span> <span id="old-price-471-widget-product-carousel" data-price-amount="23.88" data-price-type="oldPrice" class="price-wrapper  oldPrice"><span class="price">23,88&nbsp;€</span></span> <span class="search-price" style="display: none"> <span class="price-per-kg">12 x 45g (42,02&nbsp;€/1kg)</span> </span> <span class="price-details"><small> <span class="base-price" data-config="{&quot;471&quot;:{&quot;basePriceAmount&quot;:&quot;42,02\u00a0\u20ac&quot;,&quot;basePriceReferenceAmount&quot;:&quot;1&quot;,&quot;basePriceReferenceUnit&quot;:&quot;kg&quot;}}"><span data-initial-value="42,02&nbsp;€" class="base-price__amount">42,02&nbsp;€</span> / <span data-initial-value="1" class="base-price__reference-amount">1</span> <span data-initial-value="kg" class="base-price__reference-unit">kg</span></span> <div class="second-text">inkl. MwSt., zzgl. <a href="https://maxinutrition.de/rest/V1/paymentAndShipping/" data-fancybox="" data-type="ajax" tabindex="0">Versand</a></div> </small></span></span></span> </div></div><div class="carousel-cart-buttons product-item-actions"><a href="https://maxinutrition.de/creamy-core-protein-bar-strawberry-yoghurt/" class="btn btn-primary" tabindex="0"><small data-bind="i18n: 'Zum Produkt'">Zum Produkt</small></a> <div class="actions-primary"> <form data-role="tocart-form" data-product-sku="C10025092" action="https://maxinutrition.de/checkout/cart/add/uenc/aHR0cHM6Ly9tYXhpbnV0cml0aW9uLmRlLw%2C%2C/product/472/" method="post"><input type="hidden" name="product" value="472" tabindex="0"><input type="hidden" name="uenc" value="aHR0cHM6Ly9tYXhpbnV0cml0aW9uLmRlL2NoZWNrb3V0L2NhcnQvYWRkL3VlbmMvYUhSMGNITTZMeTl0WVhocGJuVjBjbWwwYVc5dUxtUmxMdyUyQyUyQy9wcm9kdWN0LzQ3Mi8," tabindex="0"><input name="form_key" type="hidden" value="y1yOs4xM6Q5sFNeD" tabindex="0"> <button type="submit" title="In den Warenkorb" class="action tocart primary" tabindex="0"><span>In den Warenkorb</span></button></form></div></div></div></div> </li></div></div><div class="slick-slide slick-active" data-slick-index="1" aria-hidden="false" style="width: 383px;" role="tabpanel" id="slick-slide21"><div><li class="product-item" style="width: 100%; display: inline-block;"> <div class="product-item-info product-item__inner"> <a href="https://maxinutrition.de/creamy-core-protein-bar-hazelnut-nougat/" class="product-item-photo" tabindex="0"> <span class="product-image-container" style="width:240px;"><span class="product-image-wrapper product-item__image" style="padding-bottom: 125%;"><img class="product-image-photo lazyload--fade lazyloaded" src="images/maxinutrition-creamy-core-protein-bar-hazelnut-nougat-tray-r.jpg" data-src="https://maxinutrition.de/media/catalog/product/cache/12435a866fdfc952438ec689851c8e22/m/a/maxinutrition-creamy-core-protein-bar-hazelnut-nougat-tray-riegel.jpg" width="" height="" alt="Creamy Core Protein Bar"></span></span></a> <div class="product-item-details"><strong class="product-item-name product-item__description"><a title="Creamy Core Protein Bar" href="https://maxinutrition.de/creamy-core-protein-bar-hazelnut-nougat/" class="product-item-link" tabindex="0">Creamy Core Protein Bar</a></strong> <div class="product-item__label selected" style="background-color: #EEDFE7 ; color: #93275F ">Filled Bar</div> <div class="product-item__additional-info"> <span class="product-item__flavor"> <span class="flavour-color" style="background-color: #98471A"></span> Hazelnut Nougat</span> <span class="product-item__packaging-unit"> 12 x 45g</span> </div> <div class="product-item__actions product-item-actions"><div class="price-box price-final_price" data-role="priceBox" data-product-id="459" data-price-box="product-id-459"> <span class="special-price"> <span class="price-container price-final_price tax weee"> <span class="price-label">Sonderangebot</span> <span id="old-price-459-widget-product-carousel" data-price-amount="22.69" data-price-type="finalPrice" class="price-wrapper  finalPrice"><span class="price">22,69&nbsp;€</span></span> <span class="search-price" style="display: none"> <span class="price-per-kg">12 x 45g (42,02&nbsp;€/1kg)</span> </span> <span class="price-details"><small> <span class="base-price" data-config="{&quot;459&quot;:{&quot;basePriceAmount&quot;:&quot;42,02\u00a0\u20ac&quot;,&quot;basePriceReferenceAmount&quot;:&quot;1&quot;,&quot;basePriceReferenceUnit&quot;:&quot;kg&quot;}}"><span data-initial-value="42,02&nbsp;€" class="base-price__amount">42,02&nbsp;€</span> / <span data-initial-value="1" class="base-price__reference-amount">1</span> <span data-initial-value="kg" class="base-price__reference-unit">kg</span></span> <div class="second-text">inkl. MwSt., zzgl. <a href="https://maxinutrition.de/rest/V1/paymentAndShipping/" data-fancybox="" data-type="ajax" tabindex="0">Versand</a></div> </small></span></span></span> <span class="old-price"> <span class="price-container price-final_price tax weee"> <span class="price-label">Normalpreis</span> <span id="old-price-459-widget-product-carousel" data-price-amount="23.88" data-price-type="oldPrice" class="price-wrapper  oldPrice"><span class="price">23,88&nbsp;€</span></span> <span class="search-price" style="display: none"> <span class="price-per-kg">12 x 45g (42,02&nbsp;€/1kg)</span> </span> <span class="price-details"><small> <span class="base-price" data-config="{&quot;459&quot;:{&quot;basePriceAmount&quot;:&quot;42,02\u00a0\u20ac&quot;,&quot;basePriceReferenceAmount&quot;:&quot;1&quot;,&quot;basePriceReferenceUnit&quot;:&quot;kg&quot;}}"><span data-initial-value="42,02&nbsp;€" class="base-price__amount">42,02&nbsp;€</span> / <span data-initial-value="1" class="base-price__reference-amount">1</span> <span data-initial-value="kg" class="base-price__reference-unit">kg</span></span> <div class="second-text">inkl. MwSt., zzgl. <a href="https://maxinutrition.de/rest/V1/paymentAndShipping/" data-fancybox="" data-type="ajax" tabindex="0">Versand</a></div> </small></span></span></span> </div></div><div class="carousel-cart-buttons product-item-actions"><a href="https://maxinutrition.de/creamy-core-protein-bar-hazelnut-nougat/" class="btn btn-primary" tabindex="0"><small data-bind="i18n: 'Zum Produkt'">Zum Produkt</small></a> <div class="actions-primary"> <form data-role="tocart-form" data-product-sku="C10025043" action="https://maxinutrition.de/checkout/cart/add/uenc/aHR0cHM6Ly9tYXhpbnV0cml0aW9uLmRlLw%2C%2C/product/462/" method="post"><input type="hidden" name="product" value="462" tabindex="0"><input type="hidden" name="uenc" value="aHR0cHM6Ly9tYXhpbnV0cml0aW9uLmRlL2NoZWNrb3V0L2NhcnQvYWRkL3VlbmMvYUhSMGNITTZMeTl0WVhocGJuVjBjbWwwYVc5dUxtUmxMdyUyQyUyQy9wcm9kdWN0LzQ2Mi8," tabindex="0"><input name="form_key" type="hidden" value="y1yOs4xM6Q5sFNeD" tabindex="0"> <button type="submit" title="In den Warenkorb" class="action tocart primary" tabindex="0"><span>In den Warenkorb</span></button></form></div></div></div></div> </li></div></div><div class="slick-slide slick-active" data-slick-index="2" aria-hidden="false" style="width: 383px;" role="tabpanel" id="slick-slide22"><div><li class="product-item" style="width: 100%; display: inline-block;"> <div class="product-item-info product-item__inner"> <a href="https://maxinutrition.de/maxwhey-choco/" class="product-item-photo" tabindex="0"> <span class="product-image-container" style="width:240px;"><span class="product-image-wrapper product-item__image" style="padding-bottom: 125%;"><img class="product-image-photo lazyload--fade lazyloaded" src="images/maxinutrition-maxwhey-chocolate-packshot_1.jpg" data-src="https://maxinutrition.de/media/catalog/product/cache/12435a866fdfc952438ec689851c8e22/m/a/maxinutrition-maxwhey-chocolate-packshot_1.jpg" width="" height="" alt="MaxWhey"></span></span></a> <div class="product-item-details"><strong class="product-item-name product-item__description"><a title="MaxWhey" href="https://maxinutrition.de/maxwhey-choco/" class="product-item-link" tabindex="0">MaxWhey</a></strong> <div class="product-item__label selected" style="background-color: #1D1D1B ; color:  #FFFFFF ">100% Whey Protein</div> <div class="product-item__additional-info"> <span class="product-item__flavor"> <span class="flavour-color" style="background-color: #98471A"></span> Choco</span> <span class="product-item__packaging-unit"> 420g</span> </div> <div class="product-item__actions product-item-actions"><div class="price-box price-final_price" data-role="priceBox" data-product-id="448" data-price-box="product-id-448"> <span class="price-container price-final_price tax weee"> <span id="old-price-448-widget-product-carousel" data-price-amount="14.99" data-price-type="finalPrice" class="price-wrapper  finalPrice"><span class="price">14,99&nbsp;€</span></span> <span class="search-price" style="display: none"> <span class="price-per-kg">420g (35,69&nbsp;€/1kg)</span> </span> </span></div></div><div class="carousel-cart-buttons product-item-actions"><a href="https://maxinutrition.de/maxwhey-choco/" class="btn btn-primary" tabindex="0"><small data-bind="i18n: 'Zum Produkt'">Zum Produkt</small></a> <div class="actions-primary"> <form data-role="tocart-form" data-product-sku="10578" action="https://maxinutrition.de/checkout/cart/add/uenc/aHR0cHM6Ly9tYXhpbnV0cml0aW9uLmRlLw%2C%2C/product/448/" method="post"><input type="hidden" name="product" value="448" tabindex="0"><input type="hidden" name="uenc" value="aHR0cHM6Ly9tYXhpbnV0cml0aW9uLmRlL2NoZWNrb3V0L2NhcnQvYWRkL3VlbmMvYUhSMGNITTZMeTl0WVhocGJuVjBjbWwwYVc5dUxtUmxMdyUyQyUyQy9wcm9kdWN0LzQ0OC8," tabindex="0"><input name="form_key" type="hidden" value="y1yOs4xM6Q5sFNeD" tabindex="0"> <button type="submit" title="In den Warenkorb" class="action tocart primary" tabindex="0"><span>In den Warenkorb</span></button></form></div></div></div></div> </li></div></div><div class="slick-slide slick-active" data-slick-index="3" aria-hidden="false" style="width: 383px;" role="tabpanel" id="slick-slide23"><div><li class="product-item" style="width: 100%; display: inline-block;"> <div class="product-item-info product-item__inner"> <a href="https://maxinutrition.de/baking-protein-new/" class="product-item-photo" tabindex="0"> <span class="product-image-container" style="width:240px;"><span class="product-image-wrapper product-item__image" style="padding-bottom: 125%;"><img class="product-image-photo lazyload--fade lazyloaded" src="images/maxinutrition-baking-protein-packshot.jpg" data-src="https://maxinutrition.de/media/catalog/product/cache/12435a866fdfc952438ec689851c8e22/m/a/maxinutrition-baking-protein-packshot.jpg" width="" height="" alt="Baking Protein"></span></span></a> <div class="product-item-details"><strong class="product-item-name product-item__description"><a title="Baking Protein" href="https://maxinutrition.de/baking-protein-new/" class="product-item-link" tabindex="0">Baking Protein</a></strong> <div class="product-item__label selected" style="background-color: #1D1D1B ; color:  #FFFFFF ">For Pancake, Pizza &amp; Co.</div> <div class="product-item__additional-info"> <span class="product-item__flavor"> <span class="flavour-color" style="background-color: #D4D5CE"></span> Geschmacksneutral</span> <span class="product-item__packaging-unit"> 500g</span> </div> <div class="product-item__actions product-item-actions"><div class="price-box price-final_price" data-role="priceBox" data-product-id="551" data-price-box="product-id-551"> <span class="price-container price-final_price tax weee"> <span id="old-price-551-widget-product-carousel" data-price-amount="14.99" data-price-type="finalPrice" class="price-wrapper  finalPrice"><span class="price">14,99&nbsp;€</span></span> <span class="search-price" style="display: none"> <span class="price-per-kg">500g (29,98&nbsp;€/1kg)</span> </span> </span></div></div><div class="carousel-cart-buttons product-item-actions"><a href="https://maxinutrition.de/baking-protein-new/" class="btn btn-primary" tabindex="0"><small data-bind="i18n: 'Zum Produkt'">Zum Produkt</small></a> <div class="actions-primary"> <form data-role="tocart-form" data-product-sku="10025578" action="https://maxinutrition.de/checkout/cart/add/uenc/aHR0cHM6Ly9tYXhpbnV0cml0aW9uLmRlLw%2C%2C/product/551/" method="post"><input type="hidden" name="product" value="551" tabindex="0"><input type="hidden" name="uenc" value="aHR0cHM6Ly9tYXhpbnV0cml0aW9uLmRlL2NoZWNrb3V0L2NhcnQvYWRkL3VlbmMvYUhSMGNITTZMeTl0WVhocGJuVjBjbWwwYVc5dUxtUmxMdyUyQyUyQy9wcm9kdWN0LzU1MS8," tabindex="0"><input name="form_key" type="hidden" value="y1yOs4xM6Q5sFNeD" tabindex="0"> <button type="submit" title="In den Warenkorb" class="action tocart primary" tabindex="0"><span>In den Warenkorb</span></button></form></div></div></div></div> </li></div></div><div class="slick-slide" data-slick-index="4" aria-hidden="true" style="width: 383px;" tabindex="-1" role="tabpanel" id="slick-slide24"><div><li class="product-item" style="width: 100%; display: inline-block;"> <div class="product-item-info product-item__inner"> <div class="badge badge--icon-only badge--vegan"><span> </span></div> <a href="https://maxinutrition.de/protein-nut-bar-dark-chocolate-peanut/" class="product-item-photo" tabindex="-1"> <span class="product-image-container" style="width:240px;"><span class="product-image-wrapper product-item__image" style="padding-bottom: 125%;"><img class="product-image-photo lazyload--fade lazyloaded" src="images/maxinutrition-protein-nut-bar-dark-chocolate-peanut-tray-rie.jpg" data-src="https://maxinutrition.de/media/catalog/product/cache/12435a866fdfc952438ec689851c8e22/m/a/maxinutrition-protein-nut-bar-dark-chocolate-peanut-tray-riegel.jpg" width="" height="" alt="Protein Nut Bar"></span></span></a> <div class="product-item-details"><strong class="product-item-name product-item__description"><a title="Protein Nut Bar" href="https://maxinutrition.de/protein-nut-bar-dark-chocolate-peanut/" class="product-item-link" tabindex="-1">Protein Nut Bar</a></strong> <div class="product-item__label selected" style="background-color: #F6EAE3 ; color: #A15426 ">Protein Nut Bar</div> <div class="product-item__additional-info"> <span class="product-item__flavor"> <span class="flavour-color" style="background-color: #98471A"></span> Dark Chocolate Peanut</span> <span class="product-item__packaging-unit"> 18 x 46g</span> </div> <div class="product-item__actions product-item-actions"><div class="price-box price-final_price" data-role="priceBox" data-product-id="487" data-price-box="product-id-487"> <span class="special-price"> <span class="price-container price-final_price tax weee"> <span class="price-label">Sonderangebot</span> <span id="old-price-487-widget-product-carousel" data-price-amount="32.29" data-price-type="finalPrice" class="price-wrapper  finalPrice"><span class="price">32,29&nbsp;€</span></span> <span class="search-price" style="display: none"> <span class="price-per-kg">18 x 46g (39,00&nbsp;€/1kg)</span> </span> <span class="price-details"><small> <span class="base-price" data-config="{&quot;487&quot;:{&quot;basePriceAmount&quot;:&quot;39,00\u00a0\u20ac&quot;,&quot;basePriceReferenceAmount&quot;:&quot;1&quot;,&quot;basePriceReferenceUnit&quot;:&quot;kg&quot;}}"><span data-initial-value="39,00&nbsp;€" class="base-price__amount">39,00&nbsp;€</span> / <span data-initial-value="1" class="base-price__reference-amount">1</span> <span data-initial-value="kg" class="base-price__reference-unit">kg</span></span> <div class="second-text">inkl. MwSt., zzgl. <a href="https://maxinutrition.de/rest/V1/paymentAndShipping/" data-fancybox="" data-type="ajax" tabindex="-1">Versand</a></div> </small></span></span></span> <span class="old-price"> <span class="price-container price-final_price tax weee"> <span class="price-label">Normalpreis</span> <span id="old-price-487-widget-product-carousel" data-price-amount="34.02" data-price-type="oldPrice" class="price-wrapper  oldPrice"><span class="price">34,02&nbsp;€</span></span> <span class="search-price" style="display: none"> <span class="price-per-kg">18 x 46g (39,00&nbsp;€/1kg)</span> </span> <span class="price-details"><small> <span class="base-price" data-config="{&quot;487&quot;:{&quot;basePriceAmount&quot;:&quot;39,00\u00a0\u20ac&quot;,&quot;basePriceReferenceAmount&quot;:&quot;1&quot;,&quot;basePriceReferenceUnit&quot;:&quot;kg&quot;}}"><span data-initial-value="39,00&nbsp;€" class="base-price__amount">39,00&nbsp;€</span> / <span data-initial-value="1" class="base-price__reference-amount">1</span> <span data-initial-value="kg" class="base-price__reference-unit">kg</span></span> <div class="second-text">inkl. MwSt., zzgl. <a href="https://maxinutrition.de/rest/V1/paymentAndShipping/" data-fancybox="" data-type="ajax" tabindex="-1">Versand</a></div> </small></span></span></span> </div></div><div class="carousel-cart-buttons product-item-actions"><a href="https://maxinutrition.de/protein-nut-bar-dark-chocolate-peanut/" class="btn btn-primary" tabindex="-1"><small data-bind="i18n: 'Zum Produkt'">Zum Produkt</small></a> <div class="actions-primary"> <form data-role="tocart-form" data-product-sku="C10025156" action="https://maxinutrition.de/checkout/cart/add/uenc/aHR0cHM6Ly9tYXhpbnV0cml0aW9uLmRlLw%2C%2C/product/488/" method="post"><input type="hidden" name="product" value="488" tabindex="-1"><input type="hidden" name="uenc" value="aHR0cHM6Ly9tYXhpbnV0cml0aW9uLmRlL2NoZWNrb3V0L2NhcnQvYWRkL3VlbmMvYUhSMGNITTZMeTl0WVhocGJuVjBjbWwwYVc5dUxtUmxMdyUyQyUyQy9wcm9kdWN0LzQ4OC8," tabindex="-1"><input name="form_key" type="hidden" value="y1yOs4xM6Q5sFNeD" tabindex="-1"> <button type="submit" title="In den Warenkorb" class="action tocart primary" tabindex="-1"><span>In den Warenkorb</span></button></form></div></div></div></div> </li></div></div><div class="slick-slide" data-slick-index="5" aria-hidden="true" style="width: 383px;" tabindex="-1" role="tabpanel" id="slick-slide25"><div><li class="product-item" style="width: 100%; display: inline-block;"> <div class="product-item-info product-item__inner"> <a href="https://maxinutrition.de/classic-protein-bar-white-chocolate-raspberry/" class="product-item-photo" tabindex="-1"> <span class="product-image-container" style="width:240px;"><span class="product-image-wrapper product-item__image" style="padding-bottom: 125%;"><img class="product-image-photo lazyload--fade lazyloaded" src="images/maxinutrition-classic-protein-bar-white-chocolate-raspberry-.jpg" data-src="https://maxinutrition.de/media/catalog/product/cache/12435a866fdfc952438ec689851c8e22/m/a/maxinutrition-classic-protein-bar-white-chocolate-raspberry-tray-riegel.jpg" width="" height="" alt="Classic Protein Bar"></span></span></a> <div class="product-item-details"><strong class="product-item-name product-item__description"><a title="Classic Protein Bar" href="https://maxinutrition.de/classic-protein-bar-white-chocolate-raspberry/" class="product-item-link" tabindex="-1">Classic Protein Bar</a></strong> <div class="product-item__label selected" style="background-color: #ECF4FF ; color: #749CCE ">High Protein Bar</div> <div class="product-item__additional-info"> <span class="product-item__flavor"> <span class="flavour-color" style="background-color: #E13232"></span> White Chocolate Raspberry</span> <span class="product-item__packaging-unit"> 24 x 40g</span> </div> <div class="product-item__actions product-item-actions"><div class="price-box price-final_price" data-role="priceBox" data-product-id="158" data-price-box="product-id-158"> <span class="special-price"> <span class="price-container price-final_price tax weee"> <span class="price-label">Sonderangebot</span> <span id="old-price-158-widget-product-carousel" data-price-amount="38.49" data-price-type="finalPrice" class="price-wrapper  finalPrice"><span class="price">38,49&nbsp;€</span></span> <span class="search-price" style="display: none"> <span class="price-per-kg">24 x 40g (40,09&nbsp;€/1kg)</span> </span> <span class="price-details"><small> <span class="base-price" data-config="{&quot;158&quot;:{&quot;basePriceAmount&quot;:&quot;40,09\u00a0\u20ac&quot;,&quot;basePriceReferenceAmount&quot;:&quot;1&quot;,&quot;basePriceReferenceUnit&quot;:&quot;kg&quot;}}"><span data-initial-value="40,09&nbsp;€" class="base-price__amount">40,09&nbsp;€</span> / <span data-initial-value="1" class="base-price__reference-amount">1</span> <span data-initial-value="kg" class="base-price__reference-unit">kg</span></span> <div class="second-text">inkl. MwSt., zzgl. <a href="https://maxinutrition.de/rest/V1/paymentAndShipping/" data-fancybox="" data-type="ajax" tabindex="-1">Versand</a></div> </small></span></span></span> <span class="old-price"> <span class="price-container price-final_price tax weee"> <span class="price-label">Normalpreis</span> <span id="old-price-158-widget-product-carousel" data-price-amount="40.56" data-price-type="oldPrice" class="price-wrapper  oldPrice"><span class="price">40,56&nbsp;€</span></span> <span class="search-price" style="display: none"> <span class="price-per-kg">24 x 40g (40,09&nbsp;€/1kg)</span> </span> <span class="price-details"><small> <span class="base-price" data-config="{&quot;158&quot;:{&quot;basePriceAmount&quot;:&quot;40,09\u00a0\u20ac&quot;,&quot;basePriceReferenceAmount&quot;:&quot;1&quot;,&quot;basePriceReferenceUnit&quot;:&quot;kg&quot;}}"><span data-initial-value="40,09&nbsp;€" class="base-price__amount">40,09&nbsp;€</span> / <span data-initial-value="1" class="base-price__reference-amount">1</span> <span data-initial-value="kg" class="base-price__reference-unit">kg</span></span> <div class="second-text">inkl. MwSt., zzgl. <a href="https://maxinutrition.de/rest/V1/paymentAndShipping/" data-fancybox="" data-type="ajax" tabindex="-1">Versand</a></div> </small></span></span></span> </div></div><div class="carousel-cart-buttons product-item-actions"><a href="https://maxinutrition.de/classic-protein-bar-white-chocolate-raspberry/" class="btn btn-primary" tabindex="-1"><small data-bind="i18n: 'Zum Produkt'">Zum Produkt</small></a> <div class="actions-primary"> <form data-role="tocart-form" data-product-sku="C10025135" action="https://maxinutrition.de/checkout/cart/add/uenc/aHR0cHM6Ly9tYXhpbnV0cml0aW9uLmRlLw%2C%2C/product/497/" method="post"><input type="hidden" name="product" value="497" tabindex="-1"><input type="hidden" name="uenc" value="aHR0cHM6Ly9tYXhpbnV0cml0aW9uLmRlL2NoZWNrb3V0L2NhcnQvYWRkL3VlbmMvYUhSMGNITTZMeTl0WVhocGJuVjBjbWwwYVc5dUxtUmxMdyUyQyUyQy9wcm9kdWN0LzQ5Ny8," tabindex="-1"><input name="form_key" type="hidden" value="y1yOs4xM6Q5sFNeD" tabindex="-1"> <button type="submit" title="In den Warenkorb" class="action tocart primary" tabindex="-1"><span>In den Warenkorb</span></button></form></div></div></div></div> </li></div></div><div class="slick-slide" data-slick-index="6" aria-hidden="true" style="width: 383px;" tabindex="-1" role="tabpanel" id="slick-slide26"><div><li class="product-item" style="width: 100%; display: inline-block;"> <div class="product-item-info product-item__inner"> <a href="https://maxinutrition.de/maxisolate-choco/" class="product-item-photo" tabindex="-1"> <span class="product-image-container" style="width:240px;"><span class="product-image-wrapper product-item__image" style="padding-bottom: 125%;"><img class="product-image-photo lazyload lazyload--fade" src="data:image/gif;base64,R0lGODlhAQABAAAAACH5BAEKAAEALAAAAAABAAEAAAICTAEAOw==" data-src="https://maxinutrition.de/media/catalog/product/cache/12435a866fdfc952438ec689851c8e22/m/a/maxinutrition-maxisolate-chocolate-packshot_1.jpg" width="" height="" alt="MaxIsolate"></span></span></a> <div class="product-item-details"><strong class="product-item-name product-item__description"><a title="MaxIsolate" href="https://maxinutrition.de/maxisolate-choco/" class="product-item-link" tabindex="-1">MaxIsolate</a></strong> <div class="product-item__label selected" style="background-color: #FFFFFF ; color: #000000 ">100% Whey Protein Isolate</div> <div class="product-item__additional-info"> <span class="product-item__flavor"> <span class="flavour-color" style="background-color: #98471A"></span> Choco</span> <span class="product-item__packaging-unit"> 1000g</span> </div> <div class="product-item__actions product-item-actions"><div class="price-box price-final_price" data-role="priceBox" data-product-id="443" data-price-box="product-id-443"> <span class="price-container price-final_price tax weee"> <span id="old-price-443-widget-product-carousel" data-price-amount="34.99" data-price-type="finalPrice" class="price-wrapper  finalPrice"><span class="price">34,99&nbsp;€</span></span> <span class="search-price" style="display: none"> <span class="price-per-kg">1000g (34,99&nbsp;€/1kg)</span> </span> </span></div></div><div class="carousel-cart-buttons product-item-actions"><a href="https://maxinutrition.de/maxisolate-choco/" class="btn btn-primary" tabindex="-1"><small data-bind="i18n: 'Zum Produkt'">Zum Produkt</small></a> <div class="actions-primary"> <form data-role="tocart-form" data-product-sku="10570" action="https://maxinutrition.de/checkout/cart/add/uenc/aHR0cHM6Ly9tYXhpbnV0cml0aW9uLmRlLw%2C%2C/product/443/" method="post"><input type="hidden" name="product" value="443" tabindex="-1"><input type="hidden" name="uenc" value="aHR0cHM6Ly9tYXhpbnV0cml0aW9uLmRlL2NoZWNrb3V0L2NhcnQvYWRkL3VlbmMvYUhSMGNITTZMeTl0WVhocGJuVjBjbWwwYVc5dUxtUmxMdyUyQyUyQy9wcm9kdWN0LzQ0My8," tabindex="-1"><input name="form_key" type="hidden" value="y1yOs4xM6Q5sFNeD" tabindex="-1"> <button type="submit" title="In den Warenkorb" class="action tocart primary" tabindex="-1"><span>In den Warenkorb</span></button></form></div></div></div></div> </li></div></div><div class="slick-slide" data-slick-index="7" aria-hidden="true" style="width: 383px;" tabindex="-1" role="tabpanel" id="slick-slide27"><div><li class="product-item" style="width: 100%; display: inline-block;"> <div class="product-item-info product-item__inner"> <a href="https://maxinutrition.de/maxisolate-vanilla/" class="product-item-photo" tabindex="-1"> <span class="product-image-container" style="width:240px;"><span class="product-image-wrapper product-item__image" style="padding-bottom: 125%;"><img class="product-image-photo lazyload lazyload--fade" src="data:image/gif;base64,R0lGODlhAQABAAAAACH5BAEKAAEALAAAAAABAAEAAAICTAEAOw==" data-src="https://maxinutrition.de/media/catalog/product/cache/12435a866fdfc952438ec689851c8e22/m/a/maxinutrition-maxisolate-vanilla-packshot_1.jpg" width="" height="" alt="MaxIsolate"></span></span></a> <div class="product-item-details"><strong class="product-item-name product-item__description"><a title="MaxIsolate" href="https://maxinutrition.de/maxisolate-vanilla/" class="product-item-link" tabindex="-1">MaxIsolate</a></strong> <div class="product-item__label selected" style="background-color: #FFFFFF ; color: #000000 ">100% Whey Protein Isolate</div> <div class="product-item__additional-info"> <span class="product-item__flavor"> <span class="flavour-color" style="background-color: #FFF3C7"></span> Vanilla</span> <span class="product-item__packaging-unit"> 1000g</span> </div> <div class="product-item__actions product-item-actions"><div class="price-box price-final_price" data-role="priceBox" data-product-id="441" data-price-box="product-id-441"> <span class="price-container price-final_price tax weee"> <span id="old-price-441-widget-product-carousel" data-price-amount="34.99" data-price-type="finalPrice" class="price-wrapper  finalPrice"><span class="price">34,99&nbsp;€</span></span> <span class="search-price" style="display: none"> <span class="price-per-kg">1000g (34,99&nbsp;€/1kg)</span> </span> </span></div></div><div class="carousel-cart-buttons product-item-actions"><a href="https://maxinutrition.de/maxisolate-vanilla/" class="btn btn-primary" tabindex="-1"><small data-bind="i18n: 'Zum Produkt'">Zum Produkt</small></a> <div class="actions-primary"> <form data-role="tocart-form" data-product-sku="10567" action="https://maxinutrition.de/checkout/cart/add/uenc/aHR0cHM6Ly9tYXhpbnV0cml0aW9uLmRlLw%2C%2C/product/441/" method="post"><input type="hidden" name="product" value="441" tabindex="-1"><input type="hidden" name="uenc" value="aHR0cHM6Ly9tYXhpbnV0cml0aW9uLmRlL2NoZWNrb3V0L2NhcnQvYWRkL3VlbmMvYUhSMGNITTZMeTl0WVhocGJuVjBjbWwwYVc5dUxtUmxMdyUyQyUyQy9wcm9kdWN0LzQ0MS8," tabindex="-1"><input name="form_key" type="hidden" value="y1yOs4xM6Q5sFNeD" tabindex="-1"> <button type="submit" title="In den Warenkorb" class="action tocart primary" tabindex="-1"><span>In den Warenkorb</span></button></form></div></div></div></div> </li></div></div><div class="slick-slide" data-slick-index="8" aria-hidden="true" style="width: 383px;" tabindex="-1" role="tabpanel" id="slick-slide28"><div><li class="product-item" style="width: 100%; display: inline-block;"> <div class="product-item-info product-item__inner"> <div class="badge badge--icon-only badge--bundle"><span> </span></div> <a href="https://maxinutrition.de/3er-maxwhey-bundle/" class="product-item-photo" tabindex="-1"> <span class="product-image-container" style="width:240px;"><span class="product-image-wrapper product-item__image" style="padding-bottom: 125%;"><img class="product-image-photo lazyload lazyload--fade" src="data:image/gif;base64,R0lGODlhAQABAAAAACH5BAEKAAEALAAAAAABAAEAAAICTAEAOw==" data-src="https://maxinutrition.de/media/catalog/product/cache/12435a866fdfc952438ec689851c8e22/p/r/probierpaket_maxwheys.jpg" width="" height="" alt="3er MaxWhey Bundle"></span></span></a> <div class="product-item-details"><strong class="product-item-name product-item__description"><a title="3er MaxWhey Bundle" href="https://maxinutrition.de/3er-maxwhey-bundle/" class="product-item-link" tabindex="-1">3er MaxWhey Bundle</a></strong> <div class="product-item__label selected" style="background-color: #1D1D1B ; color:  #FFFFFF ">100% Whey Protein</div> <div class="product-item__additional-info"> </div> <div class="product-item__actions product-item-actions"><div class="price-box price-final_price" data-role="priceBox" data-product-id="513" data-price-box="product-id-513"> <span class="bundle-product-discount"> <span class="price-container price-final_price tax weee"> <span id="old-price-513-widget-product-carousel" data-price-amount="42.72" data-price-type="finalPrice" class="price-wrapper  finalPrice"><span class="price">42,72&nbsp;€</span></span> <span class="search-price" style="display: none"> </span> </span></span></div></div><div class="carousel-cart-buttons product-item-actions"><a href="https://maxinutrition.de/3er-maxwhey-bundle/" class="btn btn-primary" tabindex="-1"><small data-bind="i18n: 'Zum Produkt'">Zum Produkt</small></a> <div class="actions-primary"> <form data-role="tocart-form" data-product-sku="3er MaxWhey Bundle" action="https://maxinutrition.de/3er-maxwhey-bundle/?options=cart" method="post"><input type="hidden" name="product" value="513" tabindex="-1"><input type="hidden" name="uenc" value="aHR0cHM6Ly9tYXhpbnV0cml0aW9uLmRlLzNlci1tYXh3aGV5LWJ1bmRsZS8_b3B0aW9ucz1jYXJ0" tabindex="-1"><input name="form_key" type="hidden" value="y1yOs4xM6Q5sFNeD" tabindex="-1"> <button type="submit" title="In den Warenkorb" class="action tocart primary" tabindex="-1"><span>In den Warenkorb</span></button></form></div></div></div></div></li></div></div></div></div><ul class="slick-dots" style="" role="tablist"><li class="slick-active" role="presentation"><button type="button" role="tab" id="slick-slide-control20" aria-controls="slick-slide20" aria-label="1 of 3" tabindex="0" aria-selected="true">1</button></li><li role="presentation"><button type="button" role="tab" id="slick-slide-control21" aria-controls="slick-slide24" aria-label="2 of 3" tabindex="-1">2</button></li><li role="presentation"><button type="button" role="tab" id="slick-slide-control22" aria-controls="slick-slide28" aria-label="3 of 3" tabindex="-1">3</button></li></ul></ol></div><div data-content-type="products" data-appearance="carousel" data-autoplay="false" data-autoplay-speed="4000" data-infinite-loop="false" data-show-arrows="true" data-show-dots="true" data-carousel-mode="default" data-center-padding="90px" data-element="main" data-pb-style="RCW9QMS"> </div></div></div><div data-content-type="row" data-appearance="contained" data-element="main"><div class="custom-homepage-magecloud first" data-enable-parallax="0" data-parallax-speed="0.5" data-background-images="{}" data-background-type="image" data-video-loop="true" data-video-play-only-visible="true" data-video-lazy-load="true" data-video-fallback-src="" data-element="inner" data-pb-style="UTM5X5C"><div class="pagebuilder-column-group" data-background-images="{}" data-content-type="column-group" data-appearance="default" data-grid-size="12" data-element="main" data-pb-style="BB2QBP1"><div class="pagebuilder-column-line" data-content-type="column-line" data-element="main" data-pb-style="MY6DW6D"><div class="pagebuilder-column background-image-654e093d75ba3" data-content-type="column" data-appearance="align-center" data-background-images="{\&quot;desktop_image\&quot;:\&quot;https://maxinutrition.de/media/homepage/image_44_1_.png\&quot;}" data-element="main" data-pb-style="ODO7TCH"><figure data-content-type="image" data-appearance="full-width" data-element="main" data-pb-style="P9SW0HX"><a href="https://maxinutrition.de/maxwhey-choco/" target="" data-link-type="default" title="" data-element="link"><img class="pagebuilder-mobile-hidden" src="images/image_37_1_.png" alt="" title="" data-element="desktop_image" data-pb-style="HX0NNQR"><img class="pagebuilder-mobile-only" src="images/image_37_1_.png" alt="" title="" data-element="mobile_image" data-pb-style="Q7CTEI4"></a></figure></div><div class="pagebuilder-column text-box" data-content-type="column" data-appearance="full-height" data-background-images="{}" data-element="main" data-pb-style="R2G0KN1"><div data-content-type="text" data-appearance="default" data-element="main" data-pb-style="YD2NBE7"><h2><strong><span style="font-size: 40px;">MaxWhey Protein.</span></strong><br><strong><span style="font-size: 40px;">100% Whey Protein</span></strong></h2></div><div data-content-type="text" data-appearance="default" data-element="main" data-pb-style="U7F77L1"><p><span style="font-size: 18px;">Gib
 deinem Körper, was er braucht: Das beste Protein! Egal, welches 
Fitnessziel du erreichen willst, hochwertiges Eiweiß ist der Schlüssel 
zum Erfolg. Hol das Maximum raus mit unserem meistverkauften Produkt – 
MaxWhey. In sechs leckeren Geschmacksrichtungen.</span></p></div><div data-content-type="buttons" data-appearance="inline" data-same-width="false" data-element="main" data-pb-style="BYIPVHP"><div data-content-type="button-item" data-appearance="default" data-element="main" data-pb-style="YEJCF16"><a class="pagebuilder-button-primary" href="https://maxinutrition.de/maxwhey-choco/" target="" data-link-type="default" data-element="link" data-pb-style="HI9QTR0"><span data-element="link_text">Zum Produkt</span></a></div></div></div><style type="text/css">.background-image-654e093d75ba3 {background-image: url(https://maxinutrition.de/media/homepage/image_44_1_.png);}</style></div></div></div></div><div data-content-type="row" data-appearance="contained" data-element="main"><div class="custom-homepage-magecloud second" data-enable-parallax="0" data-parallax-speed="0.5" data-background-images="{}" data-background-type="image" data-video-loop="true" data-video-play-only-visible="true" data-video-lazy-load="true" data-video-fallback-src="" data-element="inner" data-pb-style="VJYML2H"><div class="pagebuilder-column-group" data-background-images="{}" data-content-type="column-group" data-appearance="default" data-grid-size="12" data-element="main" data-pb-style="D20O8DL"><div class="pagebuilder-column-line" data-content-type="column-line" data-element="main" data-pb-style="BEAMFHE"><div class="pagebuilder-column text-box" data-content-type="column" data-appearance="full-height" data-background-images="{}" data-element="main" data-pb-style="S131XD0"><div data-content-type="text" data-appearance="default" data-element="main" data-pb-style="Y7RLW5F"><h2><strong><span style="font-size: 40px;">Creamy Core <br>Protein Bars</span></strong></h2></div><div data-content-type="text" data-appearance="default" data-element="main" data-pb-style="FNHRX65"><p><span style="font-size: 18px;">Flüssig-cremiger
 Kern umhüllt von softer Proteinmasse und knackiger Schokolade: Entdecke
 den neuen Eiweißriegel für echte Genießer und ambitionierte 
Sportlerinnen und Sportler. Viel Protein, wenig Zucker, maximal lecker!</span></p></div><div data-content-type="buttons" data-appearance="inline" data-same-width="false" data-element="main" data-pb-style="S6EWWDK"><div data-content-type="button-item" data-appearance="default" data-element="main" data-pb-style="OGOH0SG"><a class="pagebuilder-button-primary" href="https://maxinutrition.de/shop/proteinriegel-snacks/creamy-core-bar/" target="" data-link-type="default" data-element="link" data-pb-style="W4KP9YI"><span data-element="link_text">Zum Produkt</span></a></div></div></div><div class="pagebuilder-column background-image-654e093d75bbd" data-content-type="column" data-appearance="full-height" data-background-images="{\&quot;desktop_image\&quot;:\&quot;https://maxinutrition.de/media/wysiwyg/2022-06-23_-_Creamycore_Panorama_01_1.png\&quot;}" data-element="main" data-pb-style="OHJB0MI"><figure data-content-type="image" data-appearance="full-width" data-element="main" data-pb-style="TV0JSST"><a href="https://maxinutrition.de/shop/proteinriegel-snacks/creamy-core-bar/" target="" data-link-type="default" title="" data-element="link"><img class="pagebuilder-mobile-hidden" src="images/image_46.png" alt="" title="" data-element="desktop_image" data-pb-style="JAIOMYE"><img class="pagebuilder-mobile-only" src="images/image_46.png" alt="" title="" data-element="mobile_image" data-pb-style="XC2T7H3"></a></figure></div><style type="text/css">.background-image-654e093d75bbd {background-image: url(https://maxinutrition.de/media/wysiwyg/2022-06-23_-_Creamycore_Panorama_01_1.png);}</style></div></div></div></div><div data-content-type="row" data-appearance="contained" data-element="main"><div class="custom-magecloud-uberuns" data-enable-parallax="0" data-parallax-speed="0.5" data-background-images="{}" data-background-type="image" data-video-loop="true" data-video-play-only-visible="true" data-video-lazy-load="true" data-video-fallback-src="" data-element="inner" data-pb-style="P8PIVKE"><div data-content-type="text" data-appearance="default" data-element="main" data-pb-style="OQGH538"><h2 style="text-align: center;"><strong><span style="font-size: 32px;">Über uns</span></strong></h2></div><div class="pagebuilder-column-group" data-background-images="{}" data-content-type="column-group" data-appearance="default" data-grid-size="12" data-element="main" data-pb-style="W1DA9SJ"><div class="pagebuilder-column-line" data-content-type="column-line" data-element="main" data-pb-style="RVXF3D1"><div class="pagebuilder-column" data-content-type="column" data-appearance="full-height" data-background-images="{}" data-element="main" data-pb-style="B61G4R9"><figure data-content-type="image" data-appearance="full-width" data-element="main" data-pb-style="LI2O4PQ"><img class="pagebuilder-mobile-hidden" src="js/factory_manufacturing_line_worker.png" alt="" title="" data-element="desktop_image" data-pb-style="KIEBEI7"><img class="pagebuilder-mobile-only" src="js/factory_manufacturing_line_worker.png" alt="" title="" data-element="mobile_image" data-pb-style="DWT3NGG"></figure><div data-content-type="text" data-appearance="default" data-element="main" data-pb-style="CH2THOS"><h2 style="text-align: center;"><span style="font-size: 18px;">Eigenproduktion</span></h2></div><div data-content-type="text" data-appearance="default" data-element="main" data-pb-style="XXKLEJ7"><p style="text-align: center;"><span style="font-size: 18px;">Alles
 aus einer Hand. Wir entwickeln und fertigen unsere Produkte überwiegend
 in Eigenproduktion. Dabei profitieren wir von mehr als 50 Jahren 
Erfahrung in der Lebensmittelindustrie und den modernsten 
Produktionsanlagen.</span></p></div></div><div class="pagebuilder-column" data-content-type="column" data-appearance="full-height" data-background-images="{}" data-element="main" data-pb-style="J4X5QRA"><figure data-content-type="image" data-appearance="full-width" data-element="main" data-pb-style="XE404LA"><img class="pagebuilder-mobile-hidden" src="images/certified_ribbon_1.png" alt="" title="" data-element="desktop_image" data-pb-style="D751N2H"><img class="pagebuilder-mobile-only" src="images/certified_ribbon_1.png" alt="" title="" data-element="mobile_image" data-pb-style="I8J8H32"></figure><div data-content-type="text" data-appearance="default" data-element="main" data-pb-style="NDPFL83"><h2 style="text-align: center;"><span style="font-size: 18px;">Zertifiziert</span></h2></div><div data-content-type="text" data-appearance="default" data-element="main" data-pb-style="K0JS1O3"><p style="text-align: center;"><span style="font-size: 18px;">Unsere
 Produkte werden extern und unabhängig durch die Kölner Liste oder 
Informed Sports auf ausgewählte Dopingsubstanzen getestet.</span></p></div></div><div class="pagebuilder-column" data-content-type="column" data-appearance="full-height" data-background-images="{}" data-element="main" data-pb-style="KU80DKD"><figure data-content-type="image" data-appearance="full-width" data-element="main" data-pb-style="QSM2JFK"><img class="pagebuilder-mobile-hidden" src="images/shield_lock.png" alt="" title="" data-element="desktop_image" data-pb-style="YV8CU5I"><img class="pagebuilder-mobile-only" src="images/shield_lock.png" alt="" title="" data-element="mobile_image" data-pb-style="OCJGY4B"></figure><div data-content-type="text" data-appearance="default" data-element="main" data-pb-style="WO9TQ3X"><h2 style="text-align: center;"><span style="font-size: 18px;">Qualitätsversprechen</span></h2></div><div data-content-type="text" data-appearance="default" data-element="main" data-pb-style="ERN7XAN"><p style="text-align: center;"><span style="font-size: 18px;">Für
 unsere Produkte verarbeiten wir nur Rohstoffe höchster Qualität. Für 
unseren angenehm leichten und authentischen Geschmack verwenden wir nur 
natürliche Zutaten - ohne Palmöl und ohne künstliche Farbstoffe und 
Aromen.</span></p></div></div><div class="pagebuilder-column" data-content-type="column" data-appearance="full-height" data-background-images="{}" data-element="main" data-pb-style="YI314X1"><figure data-content-type="image" data-appearance="full-width" data-element="main" data-pb-style="KQQBXCI"><img class="pagebuilder-mobile-hidden" src="images/Group.png" alt="" title="" data-element="desktop_image" data-pb-style="A2GJQ7Y"><img class="pagebuilder-mobile-only" src="images/Group.png" alt="" title="" data-element="mobile_image" data-pb-style="LLB5US5"></figure><div data-content-type="text" data-appearance="default" data-element="main" data-pb-style="C64Y6QD"><h2 style="text-align: center;"><span style="font-size: 18px;">Born &amp; developed in Germany</span></h2></div><div data-content-type="text" data-appearance="default" data-element="main" data-pb-style="ET974TR"><p style="text-align: center;"><span style="font-size: 18px;">Die
 Qualität unserer Produkte steht an oberster Stelle. Alle Produkte 
werden von unserem hauseigenen Forschungs- und Entwicklungsteam 
entwickelt. Wir vereinen wissenschaftliche Rezepturen mit echtem Nutzen 
und hervorragendem Geschmack.&nbsp;</span></p></div></div></div></div></div></div><div data-content-type="row" data-appearance="contained" data-element="main"><div class="review-text" data-enable-parallax="0" data-parallax-speed="0.5" data-background-images="{}" data-background-type="image" data-video-loop="true" data-video-play-only-visible="true" data-video-lazy-load="true" data-video-fallback-src="" data-element="inner" data-pb-style="J3T8VWV"><div data-content-type="text" data-appearance="default" data-element="main" data-pb-style="E6YOESJ"><h2 style="text-align: center;"><strong><span style="font-size: 32px;">Das sagen unsere Kunden</span></strong></h2>
<p style="text-align: center;">Qualitativ hochwertige Produkte, eine 
zügige Lieferung und nützlicher Kundenservice sind unser Anspruch. 
Unseren Produkt- und Shop Bewertungen kannst Du vertrauen, da diese 
Trusted Shops geprüft sind! Wir erheben keine eigenen Bewertungen.</p></div></div></div><div data-content-type="row" data-appearance="contained" data-element="main"><div data-enable-parallax="0" data-parallax-speed="0.5" data-background-images="{}" data-background-type="image" data-video-loop="true" data-video-play-only-visible="true" data-video-lazy-load="true" data-video-fallback-src="" data-element="inner" data-pb-style="QPG9WUL"><div data-content-type="html" data-appearance="default" data-element="main" data-pb-style="JFSB1BB" data-decoded="true">
<etrusted-widget data-etrusted-widget-id="wdg-21b45f16-80b9-4243-b2f2-a66320c79291"></etrusted-widget>
</div></div></div><div class="new-products padding" data-content-type="row" data-appearance="full-width" data-enable-parallax="0" data-parallax-speed="0.5" data-background-images="{}" data-background-type="image" data-video-loop="true" data-video-play-only-visible="true" data-video-lazy-load="true" data-video-fallback-src="" data-element="main" data-pb-style="J80SWDB"><div class="row-full-width-inner" data-element="inner"><div data-content-type="text" data-appearance="default" data-element="main" data-pb-style="IENKAD4"><p><span style="font-size: 32px;">Unsere Neuheiten</span></p></div><div data-content-type="products" data-appearance="carousel" data-autoplay="false" data-autoplay-speed="4000" data-infinite-loop="false" data-show-arrows="true" data-show-dots="true" data-carousel-mode="default" data-center-padding="90px" data-element="main" data-pb-style="W1RKDKU"> <ol class="product-items widget-product-carousel slick-initialized slick-slider slick-dotted"><button class="slick-prev slick-arrow slick-disabled" aria-label="Previous" type="button" aria-disabled="true" style="">Previous</button><div class="slick-list draggable"><div class="slick-track" style="opacity: 1; width: 3355px; transform: translate3d(0px, 0px, 0px);"><div class="slick-slide slick-current slick-active" data-slick-index="0" aria-hidden="false" style="width: 305px;" role="tabpanel" id="slick-slide30"><div><li class="product-item " style="width: 100%; display: inline-block;"> <div class="product-item-info product-item__inner"> <div class="badge badge--icon-only badge--new"><span> </span></div> <a href="https://maxinutrition.de/maxflavour-butter-cookie/" class="product-item-photo" tabindex="0"> <span class="product-image-container" style="width:240px;"><span class="product-image-wrapper product-item__image" style="padding-bottom: 125%;"><img class="product-image-photo lazyload lazyload--fade" src="data:image/gif;base64,R0lGODlhAQABAAAAACH5BAEKAAEALAAAAAABAAEAAAICTAEAOw==" data-src="https://maxinutrition.de/media/catalog/product/cache/12435a866fdfc952438ec689851c8e22/m/a/maxinutrition-maxflavour-butter-cookie-packshot.jpg" width="" height="" alt="MaxFlavour"></span></span></a> <div class="product-item-details"><strong class="product-item-name product-item__description"><a title="MaxFlavour" href="https://maxinutrition.de/maxflavour-butter-cookie/" class="product-item-link" tabindex="0">MaxFlavour</a></strong> <div class="product-item__label selected" style="background-color: #FFFFFF ; color: #000000 ">Powder with cookie chunks</div> <div class="product-item__additional-info"> <span class="product-item__flavor"> <span class="flavour-color" style="background-color: #E1AF72"></span> Butter Cookie</span> <span class="product-item__packaging-unit"> 30g</span> </div> <div class="product-item__actions product-item-actions"><div class="price-box price-final_price" data-role="priceBox" data-product-id="565" data-price-box="product-id-565"> <span class="price-container price-final_price tax weee"> <span id="old-price-565-widget-product-carousel" data-price-amount="2.99" data-price-type="finalPrice" class="price-wrapper  finalPrice"><span class="price">2,99&nbsp;€</span></span> <span class="search-price" style="display: none"> <span class="price-per-kg">30g (99,66&nbsp;€/1kg)</span> </span> </span></div></div><div class="carousel-cart-buttons product-item-actions"><a href="https://maxinutrition.de/maxflavour-butter-cookie/" class="btn btn-primary" tabindex="0"><small data-bind="i18n: 'Zum Produkt'">Zum Produkt</small></a> <div class="actions-primary"> <form data-role="tocart-form" data-product-sku="10029551" action="https://maxinutrition.de/checkout/cart/add/uenc/aHR0cHM6Ly9tYXhpbnV0cml0aW9uLmRlLw%2C%2C/product/565/" method="post"><input type="hidden" name="product" value="565" tabindex="0"><input type="hidden" name="uenc" value="aHR0cHM6Ly9tYXhpbnV0cml0aW9uLmRlL2NoZWNrb3V0L2NhcnQvYWRkL3VlbmMvYUhSMGNITTZMeTl0WVhocGJuVjBjbWwwYVc5dUxtUmxMdyUyQyUyQy9wcm9kdWN0LzU2NS8," tabindex="0"><input name="form_key" type="hidden" value="y1yOs4xM6Q5sFNeD" tabindex="0"> <button type="submit" title="In den Warenkorb" class="action tocart primary" tabindex="0"><span>In den Warenkorb</span></button></form></div></div></div></div> </li></div></div><div class="slick-slide slick-active" data-slick-index="1" aria-hidden="false" style="width: 305px;" role="tabpanel" id="slick-slide31"><div><li class="product-item" style="width: 100%; display: inline-block;"> <div class="product-item-info product-item__inner"> <div class="badge badge--icon-only badge--new"><span> </span></div> <a href="https://maxinutrition.de/maxflavour-cherry/" class="product-item-photo" tabindex="0"> <span class="product-image-container" style="width:240px;"><span class="product-image-wrapper product-item__image" style="padding-bottom: 125%;"><img class="product-image-photo lazyload lazyload--fade" src="data:image/gif;base64,R0lGODlhAQABAAAAACH5BAEKAAEALAAAAAABAAEAAAICTAEAOw==" data-src="https://maxinutrition.de/media/catalog/product/cache/12435a866fdfc952438ec689851c8e22/m/a/maxinutrition-maxflavour-cherry-packshot.jpg" width="" height="" alt="MaxFlavour"></span></span></a> <div class="product-item-details"><strong class="product-item-name product-item__description"><a title="MaxFlavour" href="https://maxinutrition.de/maxflavour-cherry/" class="product-item-link" tabindex="0">MaxFlavour</a></strong> <div class="product-item__label selected" style="background-color: #FFFFFF ; color: #000000 ">Powder with cherry pieces</div> <div class="product-item__additional-info"> <span class="product-item__flavor"> <span class="flavour-color" style="background-color: #D3223F"></span> Cherry</span> <span class="product-item__packaging-unit"> 30g</span> </div> <div class="product-item__actions product-item-actions"><div class="price-box price-final_price" data-role="priceBox" data-product-id="567" data-price-box="product-id-567"> <span class="price-container price-final_price tax weee"> <span id="old-price-567-widget-product-carousel" data-price-amount="2.99" data-price-type="finalPrice" class="price-wrapper  finalPrice"><span class="price">2,99&nbsp;€</span></span> <span class="search-price" style="display: none"> <span class="price-per-kg">30g (99,66&nbsp;€/1kg)</span> </span> </span></div></div><div class="carousel-cart-buttons product-item-actions"><a href="https://maxinutrition.de/maxflavour-cherry/" class="btn btn-primary" tabindex="0"><small data-bind="i18n: 'Zum Produkt'">Zum Produkt</small></a> <div class="actions-primary"> <form data-role="tocart-form" data-product-sku="10029552" action="https://maxinutrition.de/checkout/cart/add/uenc/aHR0cHM6Ly9tYXhpbnV0cml0aW9uLmRlLw%2C%2C/product/567/" method="post"><input type="hidden" name="product" value="567" tabindex="0"><input type="hidden" name="uenc" value="aHR0cHM6Ly9tYXhpbnV0cml0aW9uLmRlL2NoZWNrb3V0L2NhcnQvYWRkL3VlbmMvYUhSMGNITTZMeTl0WVhocGJuVjBjbWwwYVc5dUxtUmxMdyUyQyUyQy9wcm9kdWN0LzU2Ny8," tabindex="0"><input name="form_key" type="hidden" value="y1yOs4xM6Q5sFNeD" tabindex="0"> <button type="submit" title="In den Warenkorb" class="action tocart primary" tabindex="0"><span>In den Warenkorb</span></button></form></div></div></div></div> </li></div></div><div class="slick-slide slick-active" data-slick-index="2" aria-hidden="false" style="width: 305px;" role="tabpanel" id="slick-slide32"><div><li class="product-item" style="width: 100%; display: inline-block;"> <div class="product-item-info product-item__inner"> <div class="badge badge--icon-only badge--new"><span> </span></div> <a href="https://maxinutrition.de/maxflavour-chocolate-brownie/" class="product-item-photo" tabindex="0"> <span class="product-image-container" style="width:240px;"><span class="product-image-wrapper product-item__image" style="padding-bottom: 125%;"><img class="product-image-photo lazyload lazyload--fade" src="data:image/gif;base64,R0lGODlhAQABAAAAACH5BAEKAAEALAAAAAABAAEAAAICTAEAOw==" data-src="https://maxinutrition.de/media/catalog/product/cache/12435a866fdfc952438ec689851c8e22/m/a/maxinutrition-maxflavour-chocolate-brownie-packshot.jpg" width="" height="" alt="MaxFlavour"></span></span></a> <div class="product-item-details"><strong class="product-item-name product-item__description"><a title="MaxFlavour" href="https://maxinutrition.de/maxflavour-chocolate-brownie/" class="product-item-link" tabindex="0">MaxFlavour</a></strong> <div class="product-item__label selected" style="background-color: #FFFFFF ; color: #000000 ">Powder with chocolate chips</div> <div class="product-item__additional-info"> <span class="product-item__flavor"> <span class="flavour-color" style="background-color: #632E11"></span> Chocolate-Brownie</span> <span class="product-item__packaging-unit"> 30g</span> </div> <div class="product-item__actions product-item-actions"><div class="price-box price-final_price" data-role="priceBox" data-product-id="566" data-price-box="product-id-566"> <span class="price-container price-final_price tax weee"> <span id="old-price-566-widget-product-carousel" data-price-amount="2.99" data-price-type="finalPrice" class="price-wrapper  finalPrice"><span class="price">2,99&nbsp;€</span></span> <span class="search-price" style="display: none"> <span class="price-per-kg">30g (99,66&nbsp;€/1kg)</span> </span> </span></div></div><div class="carousel-cart-buttons product-item-actions"><a href="https://maxinutrition.de/maxflavour-chocolate-brownie/" class="btn btn-primary" tabindex="0"><small data-bind="i18n: 'Zum Produkt'">Zum Produkt</small></a> <div class="actions-primary"> <form data-role="tocart-form" data-product-sku="10029553" action="https://maxinutrition.de/checkout/cart/add/uenc/aHR0cHM6Ly9tYXhpbnV0cml0aW9uLmRlLw%2C%2C/product/566/" method="post"><input type="hidden" name="product" value="566" tabindex="0"><input type="hidden" name="uenc" value="aHR0cHM6Ly9tYXhpbnV0cml0aW9uLmRlL2NoZWNrb3V0L2NhcnQvYWRkL3VlbmMvYUhSMGNITTZMeTl0WVhocGJuVjBjbWwwYVc5dUxtUmxMdyUyQyUyQy9wcm9kdWN0LzU2Ni8," tabindex="0"><input name="form_key" type="hidden" value="y1yOs4xM6Q5sFNeD" tabindex="0"> <button type="submit" title="In den Warenkorb" class="action tocart primary" tabindex="0"><span>In den Warenkorb</span></button></form></div></div></div></div> </li></div></div><div class="slick-slide slick-active" data-slick-index="3" aria-hidden="false" style="width: 305px;" role="tabpanel" id="slick-slide33"><div><li class="product-item" style="width: 100%; display: inline-block;"> <div class="product-item-info product-item__inner"> <div class="badge badge--icon-only badge--new"><span> </span></div> <a href="https://maxinutrition.de/maxflavour-lemon-cheesecake/" class="product-item-photo" tabindex="0"> <span class="product-image-container" style="width:240px;"><span class="product-image-wrapper product-item__image" style="padding-bottom: 125%;"><img class="product-image-photo lazyload lazyload--fade" src="data:image/gif;base64,R0lGODlhAQABAAAAACH5BAEKAAEALAAAAAABAAEAAAICTAEAOw==" data-src="https://maxinutrition.de/media/catalog/product/cache/12435a866fdfc952438ec689851c8e22/m/a/maxinutrition-maxflavour-lemon-cheesecake-packshot.jpg" width="" height="" alt="MaxFlavour"></span></span></a> <div class="product-item-details"><strong class="product-item-name product-item__description"><a title="MaxFlavour" href="https://maxinutrition.de/maxflavour-lemon-cheesecake/" class="product-item-link" tabindex="0">MaxFlavour</a></strong> <div class="product-item__label selected" style="background-color: #FFFFFF ; color: #000000 ">Powder with biscuit chunks</div> <div class="product-item__additional-info"> <span class="product-item__flavor"> <span class="flavour-color" style="background-color: #D4FB47"></span> Lemon Cheesecake</span> <span class="product-item__packaging-unit"> 30g</span> </div> <div class="product-item__actions product-item-actions"><div class="price-box price-final_price" data-role="priceBox" data-product-id="564" data-price-box="product-id-564"> <span class="price-container price-final_price tax weee"> <span id="old-price-564-widget-product-carousel" data-price-amount="2.99" data-price-type="finalPrice" class="price-wrapper  finalPrice"><span class="price">2,99&nbsp;€</span></span> <span class="search-price" style="display: none"> <span class="price-per-kg">30g (99,66&nbsp;€/1kg)</span> </span> </span></div></div><div class="carousel-cart-buttons product-item-actions"><a href="https://maxinutrition.de/maxflavour-lemon-cheesecake/" class="btn btn-primary" tabindex="0"><small data-bind="i18n: 'Zum Produkt'">Zum Produkt</small></a> <div class="actions-primary"> <form data-role="tocart-form" data-product-sku="10029554" action="https://maxinutrition.de/checkout/cart/add/uenc/aHR0cHM6Ly9tYXhpbnV0cml0aW9uLmRlLw%2C%2C/product/564/" method="post"><input type="hidden" name="product" value="564" tabindex="0"><input type="hidden" name="uenc" value="aHR0cHM6Ly9tYXhpbnV0cml0aW9uLmRlL2NoZWNrb3V0L2NhcnQvYWRkL3VlbmMvYUhSMGNITTZMeTl0WVhocGJuVjBjbWwwYVc5dUxtUmxMdyUyQyUyQy9wcm9kdWN0LzU2NC8," tabindex="0"><input name="form_key" type="hidden" value="y1yOs4xM6Q5sFNeD" tabindex="0"> <button type="submit" title="In den Warenkorb" class="action tocart primary" tabindex="0"><span>In den Warenkorb</span></button></form></div></div></div></div> </li></div></div><div class="slick-slide" data-slick-index="4" aria-hidden="true" style="width: 305px;" tabindex="-1" role="tabpanel" id="slick-slide34"><div><li class="product-item" style="width: 100%; display: inline-block;"> <div class="product-item-info product-item__inner"> <div class="badge badge--icon-only badge--new"><span> </span></div> <a href="https://maxinutrition.de/maxclear-cherry/" class="product-item-photo" tabindex="-1"> <span class="product-image-container" style="width:240px;"><span class="product-image-wrapper product-item__image" style="padding-bottom: 125%;"><img class="product-image-photo lazyload lazyload--fade" src="data:image/gif;base64,R0lGODlhAQABAAAAACH5BAEKAAEALAAAAAABAAEAAAICTAEAOw==" data-src="https://maxinutrition.de/media/catalog/product/cache/12435a866fdfc952438ec689851c8e22/m/a/maxinutrition-maxclear-cherry-packshot.jpg" width="" height="" alt="MaxClear"></span></span></a> <div class="product-item-details"><strong class="product-item-name product-item__description"><a title="MaxClear" href="https://maxinutrition.de/maxclear-cherry/" class="product-item-link" tabindex="-1">MaxClear</a></strong> <div class="product-item__label selected" style="background-color: #FFFFFF ; color: #000000 ">100% Whey Protein Isolate</div> <div class="product-item__additional-info"> <span class="product-item__flavor"> <span class="flavour-color" style="background-color: #D3223F"></span> Cherry</span> <span class="product-item__packaging-unit"> 420g</span> </div> <div class="product-item__actions product-item-actions"><div class="price-box price-final_price" data-role="priceBox" data-product-id="559" data-price-box="product-id-559"> <span class="price-container price-final_price tax weee"> <span id="old-price-559-widget-product-carousel" data-price-amount="22.99" data-price-type="finalPrice" class="price-wrapper  finalPrice"><span class="price">22,99&nbsp;€</span></span> <span class="search-price" style="display: none"> <span class="price-per-kg">420g (54,74&nbsp;€/1kg)</span> </span> </span></div></div><div class="carousel-cart-buttons product-item-actions"><a href="https://maxinutrition.de/maxclear-cherry/" class="btn btn-primary" tabindex="-1"><small data-bind="i18n: 'Zum Produkt'">Zum Produkt</small></a> <div class="actions-primary"> <form data-role="tocart-form" data-product-sku="10029237" action="https://maxinutrition.de/checkout/cart/add/uenc/aHR0cHM6Ly9tYXhpbnV0cml0aW9uLmRlLw%2C%2C/product/559/" method="post"><input type="hidden" name="product" value="559" tabindex="-1"><input type="hidden" name="uenc" value="aHR0cHM6Ly9tYXhpbnV0cml0aW9uLmRlL2NoZWNrb3V0L2NhcnQvYWRkL3VlbmMvYUhSMGNITTZMeTl0WVhocGJuVjBjbWwwYVc5dUxtUmxMdyUyQyUyQy9wcm9kdWN0LzU1OS8," tabindex="-1"><input name="form_key" type="hidden" value="y1yOs4xM6Q5sFNeD" tabindex="-1"> <button type="submit" title="In den Warenkorb" class="action tocart primary" tabindex="-1"><span>In den Warenkorb</span></button></form></div></div></div></div> </li></div></div><div class="slick-slide" data-slick-index="5" aria-hidden="true" style="width: 305px;" tabindex="-1" role="tabpanel" id="slick-slide35"><div><li class="product-item" style="width: 100%; display: inline-block;"> <div class="product-item-info product-item__inner"> <div class="badge badge--icon-only badge--new"><span> </span></div> <a href="https://maxinutrition.de/maxclear-cola/" class="product-item-photo" tabindex="-1"> <span class="product-image-container" style="width:240px;"><span class="product-image-wrapper product-item__image" style="padding-bottom: 125%;"><img class="product-image-photo lazyload lazyload--fade" src="data:image/gif;base64,R0lGODlhAQABAAAAACH5BAEKAAEALAAAAAABAAEAAAICTAEAOw==" data-src="https://maxinutrition.de/media/catalog/product/cache/12435a866fdfc952438ec689851c8e22/m/a/maxinutrition-maxclear-cola-packshot.jpg" width="" height="" alt="MaxClear"></span></span></a> <div class="product-item-details"><strong class="product-item-name product-item__description"><a title="MaxClear" href="https://maxinutrition.de/maxclear-cola/" class="product-item-link" tabindex="-1">MaxClear</a></strong> <div class="product-item__label selected" style="background-color: #FFFFFF ; color: #000000 ">100% Whey Protein Isolate</div> <div class="product-item__additional-info"> <span class="product-item__flavor"> <span class="flavour-color" style="background-color: #571300"></span> Cola</span> <span class="product-item__packaging-unit"> 420g</span> </div> <div class="product-item__actions product-item-actions"><div class="price-box price-final_price" data-role="priceBox" data-product-id="560" data-price-box="product-id-560"> <span class="price-container price-final_price tax weee"> <span id="old-price-560-widget-product-carousel" data-price-amount="22.99" data-price-type="finalPrice" class="price-wrapper  finalPrice"><span class="price">22,99&nbsp;€</span></span> <span class="search-price" style="display: none"> <span class="price-per-kg">420g (54,74&nbsp;€/1kg)</span> </span> </span></div></div><div class="carousel-cart-buttons product-item-actions"><a href="https://maxinutrition.de/maxclear-cola/" class="btn btn-primary" tabindex="-1"><small data-bind="i18n: 'Zum Produkt'">Zum Produkt</small></a> <div class="actions-primary"> <form data-role="tocart-form" data-product-sku="10029238" action="https://maxinutrition.de/checkout/cart/add/uenc/aHR0cHM6Ly9tYXhpbnV0cml0aW9uLmRlLw%2C%2C/product/560/" method="post"><input type="hidden" name="product" value="560" tabindex="-1"><input type="hidden" name="uenc" value="aHR0cHM6Ly9tYXhpbnV0cml0aW9uLmRlL2NoZWNrb3V0L2NhcnQvYWRkL3VlbmMvYUhSMGNITTZMeTl0WVhocGJuVjBjbWwwYVc5dUxtUmxMdyUyQyUyQy9wcm9kdWN0LzU2MC8," tabindex="-1"><input name="form_key" type="hidden" value="y1yOs4xM6Q5sFNeD" tabindex="-1"> <button type="submit" title="In den Warenkorb" class="action tocart primary" tabindex="-1"><span>In den Warenkorb</span></button></form></div></div></div></div> </li></div></div><div class="slick-slide" data-slick-index="6" aria-hidden="true" style="width: 305px;" tabindex="-1" role="tabpanel" id="slick-slide36"><div><li class="product-item" style="width: 100%; display: inline-block;"> <div class="product-item-info product-item__inner"> <div class="badge badge--icon-only badge--new"><span> </span></div> <a href="https://maxinutrition.de/maxclear-lemon-ice-tea/" class="product-item-photo" tabindex="-1"> <span class="product-image-container" style="width:240px;"><span class="product-image-wrapper product-item__image" style="padding-bottom: 125%;"><img class="product-image-photo lazyload lazyload--fade" src="data:image/gif;base64,R0lGODlhAQABAAAAACH5BAEKAAEALAAAAAABAAEAAAICTAEAOw==" data-src="https://maxinutrition.de/media/catalog/product/cache/12435a866fdfc952438ec689851c8e22/m/a/maxinutrition-maxclear-lemon-ice-tea-packshot.jpg" width="" height="" alt="MaxClear"></span></span></a> <div class="product-item-details"><strong class="product-item-name product-item__description"><a title="MaxClear" href="https://maxinutrition.de/maxclear-lemon-ice-tea/" class="product-item-link" tabindex="-1">MaxClear</a></strong> <div class="product-item__label selected" style="background-color: #FFFFFF ; color: #000000 ">100% Whey Protein Isolate</div> <div class="product-item__additional-info"> <span class="product-item__flavor"> <span class="flavour-color" style="background-color: #E3A20B"></span> Lemon Ice Tea</span> <span class="product-item__packaging-unit"> 420g</span> </div> <div class="product-item__actions product-item-actions"><div class="price-box price-final_price" data-role="priceBox" data-product-id="561" data-price-box="product-id-561"> <span class="price-container price-final_price tax weee"> <span id="old-price-561-widget-product-carousel" data-price-amount="22.99" data-price-type="finalPrice" class="price-wrapper  finalPrice"><span class="price">22,99&nbsp;€</span></span> <span class="search-price" style="display: none"> <span class="price-per-kg">420g (54,74&nbsp;€/1kg)</span> </span> </span></div></div><div class="carousel-cart-buttons product-item-actions"><a href="https://maxinutrition.de/maxclear-lemon-ice-tea/" class="btn btn-primary" tabindex="-1"><small data-bind="i18n: 'Zum Produkt'">Zum Produkt</small></a> <div class="actions-primary"> <form data-role="tocart-form" data-product-sku="10029240" action="https://maxinutrition.de/checkout/cart/add/uenc/aHR0cHM6Ly9tYXhpbnV0cml0aW9uLmRlLw%2C%2C/product/561/" method="post"><input type="hidden" name="product" value="561" tabindex="-1"><input type="hidden" name="uenc" value="aHR0cHM6Ly9tYXhpbnV0cml0aW9uLmRlL2NoZWNrb3V0L2NhcnQvYWRkL3VlbmMvYUhSMGNITTZMeTl0WVhocGJuVjBjbWwwYVc5dUxtUmxMdyUyQyUyQy9wcm9kdWN0LzU2MS8," tabindex="-1"><input name="form_key" type="hidden" value="y1yOs4xM6Q5sFNeD" tabindex="-1"> <button type="submit" title="In den Warenkorb" class="action tocart primary" tabindex="-1"><span>In den Warenkorb</span></button></form></div></div></div></div> </li></div></div><div class="slick-slide" data-slick-index="7" aria-hidden="true" style="width: 305px;" tabindex="-1" role="tabpanel" id="slick-slide37"><div><li class="product-item" style="width: 100%; display: inline-block;"> <div class="product-item-info product-item__inner"> <div class="badge badge--icon-only badge--new"><span> </span></div> <a href="https://maxinutrition.de/hydration-tabs-watermelon/" class="product-item-photo" tabindex="-1"> <span class="product-image-container" style="width:240px;"><span class="product-image-wrapper product-item__image" style="padding-bottom: 125%;"><img class="product-image-photo lazyload lazyload--fade" src="data:image/gif;base64,R0lGODlhAQABAAAAACH5BAEKAAEALAAAAAABAAEAAAICTAEAOw==" data-src="https://maxinutrition.de/media/catalog/product/cache/12435a866fdfc952438ec689851c8e22/m/a/maxinutrition-hydration-tabs-tray-watermelon-packshot.jpg" width="" height="" alt="Hydration Tabs"></span></span></a> <div class="product-item-details"><strong class="product-item-name product-item__description"><a title="Hydration Tabs" href="https://maxinutrition.de/hydration-tabs-watermelon/" class="product-item-link" tabindex="-1">Hydration Tabs</a></strong> <div class="product-item__label selected" style="background-color: #FFFFFF ; color: #000000 ">Hydration</div> <div class="product-item__additional-info"> <span class="product-item__flavor"> <span class="flavour-color" style="background-color: #CD1F00"></span> Watermelon</span> <span class="product-item__packaging-unit"> 6 x 10 Stück</span> </div> <div class="product-item__actions product-item-actions"><div class="price-box price-final_price" data-role="priceBox" data-product-id="556" data-price-box="product-id-556"> <span class="price-container price-final_price tax weee"> <span id="old-price-556-widget-product-carousel" data-price-amount="14.94" data-price-type="finalPrice" class="price-wrapper  finalPrice"><span class="price">14,94&nbsp;€</span></span> <span class="search-price" style="display: none"> <span class="price-per-kg">6 x 10 Stück (62,25&nbsp;€/1kg)</span> </span> </span></div></div><div class="carousel-cart-buttons product-item-actions"><a href="https://maxinutrition.de/hydration-tabs-watermelon/" class="btn btn-primary" tabindex="-1"><small data-bind="i18n: 'Zum Produkt'">Zum Produkt</small></a> <div class="actions-primary"> <form data-role="tocart-form" data-product-sku="10029290" action="https://maxinutrition.de/checkout/cart/add/uenc/aHR0cHM6Ly9tYXhpbnV0cml0aW9uLmRlLw%2C%2C/product/556/" method="post"><input type="hidden" name="product" value="556" tabindex="-1"><input type="hidden" name="uenc" value="aHR0cHM6Ly9tYXhpbnV0cml0aW9uLmRlL2NoZWNrb3V0L2NhcnQvYWRkL3VlbmMvYUhSMGNITTZMeTl0WVhocGJuVjBjbWwwYVc5dUxtUmxMdyUyQyUyQy9wcm9kdWN0LzU1Ni8," tabindex="-1"><input name="form_key" type="hidden" value="y1yOs4xM6Q5sFNeD" tabindex="-1"> <button type="submit" title="In den Warenkorb" class="action tocart primary" tabindex="-1"><span>In den Warenkorb</span></button></form></div></div></div></div> </li></div></div><div class="slick-slide" data-slick-index="8" aria-hidden="true" style="width: 305px;" tabindex="-1" role="tabpanel" id="slick-slide38"><div><li class="product-item" style="width: 100%; display: inline-block;"> <div class="product-item-info product-item__inner"> <div class="badge badge--icon-only badge--new"><span> </span></div> <a href="https://maxinutrition.de/hydration-tabs-lemon-lime/" class="product-item-photo" tabindex="-1"> <span class="product-image-container" style="width:240px;"><span class="product-image-wrapper product-item__image" style="padding-bottom: 125%;"><img class="product-image-photo lazyload lazyload--fade" src="data:image/gif;base64,R0lGODlhAQABAAAAACH5BAEKAAEALAAAAAABAAEAAAICTAEAOw==" data-src="https://maxinutrition.de/media/catalog/product/cache/12435a866fdfc952438ec689851c8e22/m/a/maxinutrition-hydration-tabs-tray-lemon-lime-packshot.jpg" width="" height="" alt="Hydration Tabs"></span></span></a> <div class="product-item-details"><strong class="product-item-name product-item__description"><a title="Hydration Tabs" href="https://maxinutrition.de/hydration-tabs-lemon-lime/" class="product-item-link" tabindex="-1">Hydration Tabs</a></strong> <div class="product-item__label selected" style="background-color: #FFFFFF ; color: #000000 ">Hydration</div> <div class="product-item__additional-info"> <span class="product-item__flavor"> <span class="flavour-color" style="background-color: #E4DE04"></span> Lemon Lime</span> <span class="product-item__packaging-unit"> 6 x 10 Stück</span> </div> <div class="product-item__actions product-item-actions"><div class="price-box price-final_price" data-role="priceBox" data-product-id="557" data-price-box="product-id-557"> <span class="price-container price-final_price tax weee"> <span id="old-price-557-widget-product-carousel" data-price-amount="14.94" data-price-type="finalPrice" class="price-wrapper  finalPrice"><span class="price">14,94&nbsp;€</span></span> <span class="search-price" style="display: none"> <span class="price-per-kg">6 x 10 Stück (62,25&nbsp;€/1kg)</span> </span> </span></div></div><div class="carousel-cart-buttons product-item-actions"><a href="https://maxinutrition.de/hydration-tabs-lemon-lime/" class="btn btn-primary" tabindex="-1"><small data-bind="i18n: 'Zum Produkt'">Zum Produkt</small></a> <div class="actions-primary"> <form data-role="tocart-form" data-product-sku="10029291" action="https://maxinutrition.de/checkout/cart/add/uenc/aHR0cHM6Ly9tYXhpbnV0cml0aW9uLmRlLw%2C%2C/product/557/" method="post"><input type="hidden" name="product" value="557" tabindex="-1"><input type="hidden" name="uenc" value="aHR0cHM6Ly9tYXhpbnV0cml0aW9uLmRlL2NoZWNrb3V0L2NhcnQvYWRkL3VlbmMvYUhSMGNITTZMeTl0WVhocGJuVjBjbWwwYVc5dUxtUmxMdyUyQyUyQy9wcm9kdWN0LzU1Ny8," tabindex="-1"><input name="form_key" type="hidden" value="y1yOs4xM6Q5sFNeD" tabindex="-1"> <button type="submit" title="In den Warenkorb" class="action tocart primary" tabindex="-1"><span>In den Warenkorb</span></button></form></div></div></div></div> </li></div></div><div class="slick-slide" data-slick-index="9" aria-hidden="true" style="width: 305px;" tabindex="-1" role="tabpanel" id="slick-slide39"><div><li class="product-item" style="width: 100%; display: inline-block;"> <div class="product-item-info product-item__inner"> <div class="badge badge--icon-only badge--new"><span> </span></div> <a href="https://maxinutrition.de/hydration-tabs-strawberry-lemonade/" class="product-item-photo" tabindex="-1"> <span class="product-image-container" style="width:240px;"><span class="product-image-wrapper product-item__image" style="padding-bottom: 125%;"><img class="product-image-photo lazyload lazyload--fade" src="data:image/gif;base64,R0lGODlhAQABAAAAACH5BAEKAAEALAAAAAABAAEAAAICTAEAOw==" data-src="https://maxinutrition.de/media/catalog/product/cache/12435a866fdfc952438ec689851c8e22/m/a/maxinutrition-hydration-tabs-tray-strawberry-lemonade-packshot.jpg" width="" height="" alt="Hydration Tabs"></span></span></a> <div class="product-item-details"><strong class="product-item-name product-item__description"><a title="Hydration Tabs" href="https://maxinutrition.de/hydration-tabs-strawberry-lemonade/" class="product-item-link" tabindex="-1">Hydration Tabs</a></strong> <div class="product-item__label selected" style="background-color: #FFFFFF ; color: #000000 ">Hydration</div> <div class="product-item__additional-info"> <span class="product-item__flavor"> <span class="flavour-color" style="background-color: #E13232"></span> Strawberry Lemonade</span> <span class="product-item__packaging-unit"> 6 x 10 Stück</span> </div> <div class="product-item__actions product-item-actions"><div class="price-box price-final_price" data-role="priceBox" data-product-id="558" data-price-box="product-id-558"> <span class="price-container price-final_price tax weee"> <span id="old-price-558-widget-product-carousel" data-price-amount="14.94" data-price-type="finalPrice" class="price-wrapper  finalPrice"><span class="price">14,94&nbsp;€</span></span> <span class="search-price" style="display: none"> <span class="price-per-kg">6 x 10 Stück (62,25&nbsp;€/1kg)</span> </span> </span></div></div><div class="carousel-cart-buttons product-item-actions"><a href="https://maxinutrition.de/hydration-tabs-strawberry-lemonade/" class="btn btn-primary" tabindex="-1"><small data-bind="i18n: 'Zum Produkt'">Zum Produkt</small></a> <div class="actions-primary"> <form data-role="tocart-form" data-product-sku="10029292" action="https://maxinutrition.de/checkout/cart/add/uenc/aHR0cHM6Ly9tYXhpbnV0cml0aW9uLmRlLw%2C%2C/product/558/" method="post"><input type="hidden" name="product" value="558" tabindex="-1"><input type="hidden" name="uenc" value="aHR0cHM6Ly9tYXhpbnV0cml0aW9uLmRlL2NoZWNrb3V0L2NhcnQvYWRkL3VlbmMvYUhSMGNITTZMeTl0WVhocGJuVjBjbWwwYVc5dUxtUmxMdyUyQyUyQy9wcm9kdWN0LzU1OC8," tabindex="-1"><input name="form_key" type="hidden" value="y1yOs4xM6Q5sFNeD" tabindex="-1"> <button type="submit" title="In den Warenkorb" class="action tocart primary" tabindex="-1"><span>In den Warenkorb</span></button></form></div></div></div></div> </li></div></div><div class="slick-slide" data-slick-index="10" aria-hidden="true" style="width: 305px;" tabindex="-1" role="tabpanel" id="slick-slide310"><div><li class="product-item" style="width: 100%; display: inline-block;"> <div class="product-item-info product-item__inner"> <div class="badge badge--icon-only badge--new"><span> </span></div> <a href="https://maxinutrition.de/creatine-monohydrate/" class="product-item-photo" tabindex="-1"> <span class="product-image-container" style="width:240px;"><span class="product-image-wrapper product-item__image" style="padding-bottom: 125%;"><img class="product-image-photo lazyload lazyload--fade" src="data:image/gif;base64,R0lGODlhAQABAAAAACH5BAEKAAEALAAAAAABAAEAAAICTAEAOw==" data-src="https://maxinutrition.de/media/catalog/product/cache/12435a866fdfc952438ec689851c8e22/m/a/maxinutrition_creatine_packshot.jpg" width="" height="" alt="Creatine"></span></span></a> <div class="product-item-details"><strong class="product-item-name product-item__description"><a title="Creatine" href="https://maxinutrition.de/creatine-monohydrate/" class="product-item-link" tabindex="-1">Creatine</a></strong> <div class="product-item__label selected" style="background-color: #1D1D1B ; color: #BBC4D3 ">100% Creatine Monohydrate</div> <div class="product-item__additional-info"> <span class="product-item__flavor"> <span class="flavour-color" style="background-color: #D4D5CE"></span> Geschmacksneutral</span> <span class="product-item__packaging-unit"> 250g</span> </div> <div class="product-item__actions product-item-actions"><div class="price-box price-final_price" data-role="priceBox" data-product-id="553" data-price-box="product-id-553"> <span class="price-container price-final_price tax weee"> <span id="old-price-553-widget-product-carousel" data-price-amount="14.99" data-price-type="finalPrice" class="price-wrapper  finalPrice"><span class="price">14,99&nbsp;€</span></span> <span class="search-price" style="display: none"> <span class="price-per-kg">250g (59,96&nbsp;€/1kg)</span> </span> </span></div></div><div class="carousel-cart-buttons product-item-actions"><a href="https://maxinutrition.de/creatine-monohydrate/" class="btn btn-primary" tabindex="-1"><small data-bind="i18n: 'Zum Produkt'">Zum Produkt</small></a> <div class="actions-primary"> <form data-role="tocart-form" data-product-sku="10028615" action="https://maxinutrition.de/checkout/cart/add/uenc/aHR0cHM6Ly9tYXhpbnV0cml0aW9uLmRlLw%2C%2C/product/553/" method="post"><input type="hidden" name="product" value="553" tabindex="-1"><input type="hidden" name="uenc" value="aHR0cHM6Ly9tYXhpbnV0cml0aW9uLmRlL2NoZWNrb3V0L2NhcnQvYWRkL3VlbmMvYUhSMGNITTZMeTl0WVhocGJuVjBjbWwwYVc5dUxtUmxMdyUyQyUyQy9wcm9kdWN0LzU1My8," tabindex="-1"><input name="form_key" type="hidden" value="y1yOs4xM6Q5sFNeD" tabindex="-1"> <button type="submit" title="In den Warenkorb" class="action tocart primary" tabindex="-1"><span>In den Warenkorb</span></button></form></div></div></div></div></li></div></div></div></div><button class="slick-next slick-arrow" aria-label="Next" type="button" style="" aria-disabled="false">Next</button><ul class="slick-dots" style="" role="tablist"><li class="slick-active" role="presentation"><button type="button" role="tab" id="slick-slide-control30" aria-controls="slick-slide30" aria-label="1 of 3" tabindex="0" aria-selected="true">1</button></li><li role="presentation"><button type="button" role="tab" id="slick-slide-control31" aria-controls="slick-slide34" aria-label="2 of 3" tabindex="-1">2</button></li><li role="presentation"><button type="button" role="tab" id="slick-slide-control32" aria-controls="slick-slide38" aria-label="3 of 3" tabindex="-1">3</button></li></ul></ol></div></div></div><div data-content-type="row" data-appearance="contained" data-element="main"><div class="blog-posts-custom" data-enable-parallax="0" data-parallax-speed="0.5" data-background-images="{}" data-background-type="image" data-video-loop="true" data-video-play-only-visible="true" data-video-lazy-load="true" data-video-fallback-src="" data-element="inner" data-pb-style="EC9LHEO"><div data-content-type="text" data-appearance="default" data-element="main" data-pb-style="C3DIEKL"><p><span id="CVJ06AG" style="font-size: 32px;">Neueste Artikel &amp; Rezepte</span></p></div><div data-content-type="krueger_recent_blog_posts" data-appearance="default" data-element="main" data-pb-style="CDSRFU3"> <div class="row justify-content-xs-center custom-blog slick-initialized slick-slider"><button class="slick-prev slick-arrow slick-disabled" aria-label="Previous" type="button" aria-disabled="true" style="">Previous</button><div class="slick-list draggable"><div class="slick-track" style="opacity: 1; width: 3064px; transform: translate3d(0px, 0px, 0px);"><div class="slick-slide slick-current slick-active" data-slick-index="0" aria-hidden="false" style="width: 383px;"><div><div class="col-xs-12 col-sm-12 col-md-4" style="width: 100%; display: inline-block;"><div class="teaser teaser--overlay"><div class="labels"> <span class="label category"><div class="label-text">Rezepte</div></span> <span class="label kcal"><div class="label-image"><img src="images/house_fire.png"></div><div class="label-text">448 kcal</div></span> </div><div class="teaser__media"><a href="https://maxinutrition.de/maxi-blog/post/protein-zucchini-reibekuchen/" title="Protein Zucchini Reibekuchen" tabindex="0"><picture><img class="lazyload--fade lazyloaded" src="images/protein-zucchini-reibekuchen.jpg" data-src="https://maxinutrition.de/media/magefan_blog/protein-zucchini-reibekuchen.jpg" alt="Protein Zucchini Reibekuchen"></picture></a></div><div class="teaser__content"><a href="https://maxinutrition.de/maxi-blog/post/protein-zucchini-reibekuchen/" tabindex="0"><h3>Protein Zucchini Reibekuchen</h3></a> <div class="teaser__description"><div class="description">Genieße
 unsere knusprigen Protein Zucchini Reibekuchen. Ein gesundes und 
leckeres Rezept für deine ausgewogene Ernährung. Jetzt ausprobier...</div><a href="https://maxinutrition.de/maxi-blog/post/protein-zucchini-reibekuchen/" tabindex="0"><span class="btn btn--secondary">Weiterlesen</span></a></div></div></div></div></div></div><div class="slick-slide slick-active" data-slick-index="1" aria-hidden="false" style="width: 383px;"><div><div class="col-xs-12 col-sm-12 col-md-4" style="width: 100%; display: inline-block;"><div class="teaser teaser--overlay"><div class="labels"> <span class="label category"><div class="label-text">Rezepte</div></span> <span class="label kcal"><div class="label-image"><img src="images/house_fire.png"></div><div class="label-text">163 kcal</div></span> </div><div class="teaser__media"><a href="https://maxinutrition.de/maxi-blog/post/huttenkasetaler/" title="Hüttenkäsetaler" tabindex="0"><picture><img class="lazyload--fade lazyloaded" src="images/maxinutrition-fitnessrezept-h_ttenk_setaler_1.jpg" data-src="https://maxinutrition.de/media/magefan_blog/maxinutrition-fitnessrezept-h_ttenk_setaler_1.jpg" alt="Hüttenkäsetaler"></picture></a></div><div class="teaser__content"><a href="https://maxinutrition.de/maxi-blog/post/huttenkasetaler/" tabindex="0"><h3>Hüttenkäsetaler</h3></a> <div class="teaser__description"><div class="description">Entdecke unser verlockendes Hüttenkäsetaler Rezept: ein gesunder und knuspriger Snack mit frischem Hüttenkäse. Jetzt nachkochen!</div><a href="https://maxinutrition.de/maxi-blog/post/huttenkasetaler/" tabindex="0"><span class="btn btn--secondary">Weiterlesen</span></a></div></div></div></div></div></div><div class="slick-slide slick-active" data-slick-index="2" aria-hidden="false" style="width: 383px;"><div><div class="col-xs-12 col-sm-12 col-md-4" style="width: 100%; display: inline-block;"><div class="teaser teaser--overlay"><div class="labels"> <span class="label category"><div class="label-text">Training</div></span> </div><div class="teaser__media"><a href="https://maxinutrition.de/maxi-blog/post/anaboles-fenster-nach-dem-training-eiweib-tanken-ja-oder-nein/" title="Anaboles Fenster: Nach dem Training Eiweiß tanken - ja oder nein?" tabindex="0"><picture><img class="lazyload--fade lazyloaded" src="images/Header_Blogartikel_Anaboles_fenster_400_400px_.png" data-src="https://maxinutrition.de/media/magefan_blog/Header_Blogartikel_Anaboles_fenster_400_400px_.png" alt="Anaboles Fenster: Nach dem Training Eiweiß tanken - ja oder nein?"></picture></a></div><div class="teaser__content"><a href="https://maxinutrition.de/maxi-blog/post/anaboles-fenster-nach-dem-training-eiweib-tanken-ja-oder-nein/" tabindex="0"><h3>Anaboles Fenster: Nach dem Training Eiweiß tanken - ja oder nein?</h3></a> <div class="teaser__description"><div class="description">Anaboles Fenster: Muss ich direkt nach dem Training Proteine tanken für Muskelaufbau und Regeneration? Das sagen Studien!</div><a href="https://maxinutrition.de/maxi-blog/post/anaboles-fenster-nach-dem-training-eiweib-tanken-ja-oder-nein/" tabindex="0"><span class="btn btn--secondary">Weiterlesen</span></a></div></div></div></div></div></div><div class="slick-slide slick-active" data-slick-index="3" aria-hidden="false" style="width: 383px;"><div><div class="col-xs-12 col-sm-12 col-md-4" style="width: 100%; display: inline-block;"><div class="teaser teaser--overlay"><div class="labels"> <span class="label category"><div class="label-text">Rezepte</div></span> <span class="label kcal"><div class="label-image"><img src="images/house_fire.png"></div><div class="label-text">608 kcal</div></span> </div><div class="teaser__media"><a href="https://maxinutrition.de/maxi-blog/post/caramel-skyr-bowl/" title="Caramel Skyr Bowl " tabindex="0"><picture><img class="lazyload--fade lazyloaded" src="images/maxinutrition-fitnessrezepte-caramel-skyr-bowl.jpg" data-src="https://maxinutrition.de/media/magefan_blog/maxinutrition-fitnessrezepte-caramel-skyr-bowl.jpg" alt="Caramel Skyr Bowl "></picture></a></div><div class="teaser__content"><a href="https://maxinutrition.de/maxi-blog/post/caramel-skyr-bowl/" tabindex="0"><h3>Caramel Skyr Bowl </h3></a> <div class="teaser__description"><div class="description">Genieße den himmlischen Geschmack unserer Caramel Skyr Bowl: Ein gesunder Snack für jeden Tag! Jetzt ausprobieren!</div><a href="https://maxinutrition.de/maxi-blog/post/caramel-skyr-bowl/" tabindex="0"><span class="btn btn--secondary">Weiterlesen</span></a></div></div></div></div></div></div><div class="slick-slide" data-slick-index="4" aria-hidden="true" style="width: 383px;" tabindex="-1"><div><div class="col-xs-12 col-sm-12 col-md-4" style="width: 100%; display: inline-block;"><div class="teaser teaser--overlay"><div class="labels"> <span class="label category"><div class="label-text">Rezepte</div></span> <span class="label kcal"><div class="label-image"><img src="images/house_fire.png"></div><div class="label-text">1167 kcal</div></span> </div><div class="teaser__media"><a href="https://maxinutrition.de/maxi-blog/post/huttenkase-fruhstuck-mit-crunch/" title="Hüttenkäse Frühstück mit Crunch" tabindex="-1"><picture><img class="lazyload--fade lazyloaded" src="images/maxinutrition-fitnessrezepte-h_ttenk_se-fr_hst_ck-mit-crunch.jpg" data-src="https://maxinutrition.de/media/magefan_blog/maxinutrition-fitnessrezepte-h_ttenk_se-fr_hst_ck-mit-crunch.jpg" alt="Hüttenkäse Frühstück mit Crunch"></picture></a></div><div class="teaser__content"><a href="https://maxinutrition.de/maxi-blog/post/huttenkase-fruhstuck-mit-crunch/" tabindex="-1"><h3>Hüttenkäse Frühstück mit Crunch</h3></a> <div class="teaser__description"><div class="description">Starte
 deinen Tag mit unserem köstlichen Hüttenkäse Frühstück, verfeinert mit 
einem unwiderstehlichem Crunch - gesund und lecker!</div><a href="https://maxinutrition.de/maxi-blog/post/huttenkase-fruhstuck-mit-crunch/" tabindex="-1"><span class="btn btn--secondary">Weiterlesen</span></a></div></div></div></div></div></div><div class="slick-slide" data-slick-index="5" aria-hidden="true" style="width: 383px;" tabindex="-1"><div><div class="col-xs-12 col-sm-12 col-md-4" style="width: 100%; display: inline-block;"><div class="teaser teaser--overlay"><div class="labels"> <span class="label category"><div class="label-text">Lifestyle</div></span> </div><div class="teaser__media"><a href="https://maxinutrition.de/maxi-blog/post/stoffwechsel-anregen-dein-guide-fur-einen-aktiven-metabolismus/" title="Stoffwechsel anregen: Dein Guide für einen aktiven Metabolismus" tabindex="-1"><picture><img class="lazyload--fade lazyloaded" src="images/maxinutrition-stoffwechsel-anregen.png" data-src="https://maxinutrition.de/media/magefan_blog/maxinutrition-stoffwechsel-anregen.png" alt="Stoffwechsel anregen: Dein Guide für einen aktiven Metabolismus"></picture></a></div><div class="teaser__content"><a href="https://maxinutrition.de/maxi-blog/post/stoffwechsel-anregen-dein-guide-fur-einen-aktiven-metabolismus/" tabindex="-1"><h3>Stoffwechsel anregen: Dein Guide für einen aktiven Metabolismus</h3></a> <div class="teaser__description"><div class="description">Wenig
 Energie oder keine Erfolge beim Abnehmen? Die Ursache kann ein 
langsamer Stoffwechsel sein. So kannst du deinen Stoffwechsel anregen!</div><a href="https://maxinutrition.de/maxi-blog/post/stoffwechsel-anregen-dein-guide-fur-einen-aktiven-metabolismus/" tabindex="-1"><span class="btn btn--secondary">Weiterlesen</span></a></div></div></div></div></div></div><div class="slick-slide" data-slick-index="6" aria-hidden="true" style="width: 383px;" tabindex="-1"><div><div class="col-xs-12 col-sm-12 col-md-4" style="width: 100%; display: inline-block;"><div class="teaser teaser--overlay"><div class="labels"> <span class="label category"><div class="label-text">Rezepte</div></span> <span class="label kcal"><div class="label-image"><img src="images/house_fire.png"></div><div class="label-text">3580 kcal</div></span> </div><div class="teaser__media"><a href="https://maxinutrition.de/maxi-blog/post/protein-quiche-vegan-oder-vegetarisch/" title="Protein Quiche (vegan oder vegetarisch)" tabindex="-1"><picture><img class="lazyload--fade lazyloaded" src="images/maxinutrition-fitness-rezept-protein-quiche.jpg" data-src="https://maxinutrition.de/media/magefan_blog/maxinutrition-fitness-rezept-protein-quiche.jpg" alt="Protein Quiche (vegan oder vegetarisch)"></picture></a></div><div class="teaser__content"><a href="https://maxinutrition.de/maxi-blog/post/protein-quiche-vegan-oder-vegetarisch/" tabindex="-1"><h3>Protein Quiche (vegan oder vegetarisch)</h3></a> <div class="teaser__description"><div class="description">Entdecke jetzt unser köstliches Protein Quiche Rezept. Egal ob vegetarisch oder vegan, jeder Biss ein Genuss. Jetzt nachkochen!</div><a href="https://maxinutrition.de/maxi-blog/post/protein-quiche-vegan-oder-vegetarisch/" tabindex="-1"><span class="btn btn--secondary">Weiterlesen</span></a></div></div></div></div></div></div><div class="slick-slide" data-slick-index="7" aria-hidden="true" style="width: 383px;" tabindex="-1"><div><div class="col-xs-12 col-sm-12 col-md-4" style="width: 100%; display: inline-block;"><div class="teaser teaser--overlay"><div class="labels"> <span class="label category"><div class="label-text">Rezepte</div></span> <span class="label kcal"><div class="label-image"><img src="images/house_fire.png"></div><div class="label-text">543 kcal</div></span> </div><div class="teaser__media"><a href="https://maxinutrition.de/maxi-blog/post/protein-banana-shake/" title="Protein Banana Shake" tabindex="-1"><picture><img class="lazyload--fade lazyloaded" src="images/maxinutrition-fitnessrezepte-bananen-protein-shake2.jpg" data-src="https://maxinutrition.de/media/magefan_blog/maxinutrition-fitnessrezepte-bananen-protein-shake2.jpg" alt="Protein Banana Shake"></picture></a></div><div class="teaser__content"><a href="https://maxinutrition.de/maxi-blog/post/protein-banana-shake/" tabindex="-1"><h3>Protein Banana Shake</h3></a> <div class="teaser__description"><div class="description">Die
 perfekte Kombination aus Geschmack &amp; Nährstoffen. Ideal als Snack 
oder nach dem Training. Die pure Kraft in jedem Schluck. Jetzt 
probier...</div><a href="https://maxinutrition.de/maxi-blog/post/protein-banana-shake/" tabindex="-1"><span class="btn btn--secondary">Weiterlesen</span></a></div></div></div></div></div></div></div></div><button class="slick-next slick-arrow" aria-label="Next" type="button" style="" aria-disabled="false">Next</button></div> <script type="text/javascript">
    require(['jquery', 'slick'], function ($) {
        $(document).ready(function () {
            $('.custom-blog').slick({
                infinite: false,
                slidesToShow: 4,
                arrows: true,
                dots: false,
                slidesToScroll: 4,
                responsive: [
                    {
                        breakpoint: 1024,
                        settings: {
                            slidesToShow: 3,
                            slidesToScroll: 3
                        }
                    },
                    {
                        breakpoint: 768,
                        settings: {
                            slidesToShow: 2,
                            slidesToScroll: 2,
                            arrows: false,
                            dots: true
                        }
                    },
                    {
                        breakpoint: 501,
                        settings: {
                            slidesToShow: 1,
                            slidesToScroll: 1,
                            arrows: false,
                            dots: true,
                        }
                    }
                ]
            });
        });
    });</script></div></div></div><div data-content-type="row" data-appearance="contained" data-element="main"><div class="instagram-feed-custom-text" data-enable-parallax="0" data-parallax-speed="0.5" data-background-images="{}" data-background-type="image" data-video-loop="true" data-video-play-only-visible="true" data-video-lazy-load="true" data-video-fallback-src="" data-element="inner" data-pb-style="FWF9CKI"><div class="pagebuilder-column-group" data-background-images="{}" data-content-type="column-group" data-appearance="default" data-grid-size="12" data-element="main" data-pb-style="CSY00FQ"><div class="pagebuilder-column-line" data-content-type="column-line" data-element="main" data-pb-style="S3RJT3F"><div class="pagebuilder-column" data-content-type="column" data-appearance="full-height" data-background-images="{}" data-element="main" data-pb-style="LJ1H7OC"><div data-content-type="text" data-appearance="default" data-element="main" data-pb-style="NMKNCS1"><p> </p><div class="mpinstagramfeed-container"><div class="mpinstagramfeed-header"><h3>Community</h3><div></div></div><div id="mpinstagramfeed-photos--654e093d743ee" class="row shuffle"></div></div><style type="text/css"> #mpinstagramfeed-photos--654e093d743ee .mpinstagramfeed-photo { width: calc(100% - 4px); } .mpinstagramfeed-container .mpinstagramfeed-photo .mpinstagramfeed-post-caption { font-size: 14px; } @media (max-width: 767px) { .mpinstagramfeed-container #mpinstagramfeed-photos--654e093d743ee .mpinstagramfeed-photo { width: 100%; } .mpinstagramfeed-container #mpinstagramfeed-photos--654e093d743ee .mpinstagramfeed-photo.shuffle-item { width: auto; } } @media (min-width: 767px) and (max-width: 1024px) { .mpinstagramfeed-container #mpinstagramfeed-photos--654e093d743ee .mpinstagramfeed-photo { width: 30%; } .mpinstagramfeed-container #mpinstagramfeed-photos--654e093d743ee .mpinstagramfeed-photo.shuffle-item { width: auto; } }</style></div></div></div></div><div data-content-type="text" data-appearance="default" data-element="main" data-pb-style="BTK1OLC"><div class="custom-text-homepage">
<h1><span style="font-size: 20px;">MaxiNutrition – dein Protein-Shop und Fitness-Food-Shop </span></h1>
<p>Unser Ziel ist die Entwicklung von Fitness Food, das maximal 
funktional und maximal lecker ist – genau abgestimmt auf deinen 
gesunden, aktiven Lebensstil.</p>
<p>Du willst bestes Protein bestellen und saubere Eiweißprodukte kaufen,
 ohne unnötige Zusätze? Dann bist du bei MaxiNutrition genau richtig. 
Egal, welches Fitnessziel du verfolgst, wir helfen dir, deinen täglichen
 Proteinbedarf zu decken und deinen Körper mit allen wesentlichen 
Nährstoffen zu versorgen. Unser vielfältiges Sortiment, das wir ständig 
mit wissenschaftlicher Expertise erweitern, reicht von Proteinpulver, 
Proteinriegeln, Snacks, Aufstrichen und Backalternativen bis hin zu 
Sportler-Getränken. Damit ergänzt du deine bewusste Ernährung optimal 
und kommst deinem Ziel schnell näher. Ob Muskelaufbau, Ausdauer, 
Abnehmen oder Gewichtskontrolle – bei MaxiNutrition bekommst du passende
 Produkte, die dich maximal weiterbringen.</p>
<h2><span style="font-size: 20px;">Proteine kaufen für Muskelaufbau und Gewichtsreduktion</span></h2>
<p>Dein Körper verdient nur das beste Protein! Du suchst nach einem 
hochwertigen Eiweißpulver mit allen wichtigen Nährstoffen und ohne 
Bullshit? Finde in unserem Eiweiß-Shop gesunde Proteine, mit denen du 
deinen Eiweißbedarf für Muskelaufbau oder Shaping decken kannst. MaxWhey
 und MaxIsolate in leckeren Geschmacksrichtungen wie Vanilla, Chocolate,
 Cocos, Caramel oder Strawberry versorgen dich zu 100 Prozent nur mit 
dem Besten. Jetzt gleich dein Maxi Protein bestellen und von der 
geballten, natürlichen Eiweißpower profitieren.</p>
<h2><span style="font-size: 20px;">Protein-Snacks und Riegel für deine eiweißreiche Ernährung </span></h2>
<p>Eiweißreiche Snacks sind die perfekte Zwischenmahlzeit für 
Sportlerinnen und Sportler, aber auch für alle, die sich bewusst 
ernähren. Egal, ob ein Proteinriegel als Post-Workout-Snack oder ein 
Protein-Snack nach dem Mittagessen: Gute Eiweiß-Snacks liefern dir 
schnell gesunde Proteine und Kohlenhydrate in handlicher Form – perfekt 
für unterwegs. Entdecke jetzt unsere große Auswahl an hochwertigen High 
Protein Riegeln und Snacks, perfekt abgestimmt auf deinen 
Fitness-Lifestyle!</p>
<h2><span style="font-size: 20px;">Sportgetränke und Proteindrinks für Training und Regeneration </span></h2>
<p>Du gibst im Training 100 Prozent? Dann schenke auch der Regeneration 
100 Prozent Aufmerksamkeit! MaxiNutrition unterstützt dich mit 
vielfältigen Sportgetränken und Proteindrinks dabei, deinen Körper mit 
Flüssigkeit und guten Nährstoffen zu versorgen – für maximale 
Trainingserfolge! Erreiche deine Fitnessziele mit unseren MaxFive Vegan 
Refreshments mit allen essentiellen Aminosäuren, den lecker-cremigen 
MaxShake Protein Milkshakes und unsere kalorienfreien Hydration Tabs mit
 den wesentlichen Elektrolyten.</p>
<div class="moretext" style="display: none; overflow: hidden; height: max-content; padding-top: 0px; margin-top: 0px; padding-bottom: 0px; margin-bottom: 0px;">
<p><span style="font-size: 20px;">Protein-Aufstriche und Backprotein für leckere Eiweiß-Snacks </span></p>
<p>Süße Pancakes, knusprige Brötchen mit cremigem Aufstrich und 
herzhafte Pizza gibt es dank der MaxiNutrition Proteinvielfalt auch in 
gesund! In unserem Nutrition Shop findest du hochwertige Zutaten für 
leckere Snacks mit einem maximal hohen Nährstoffgehalt. Die schmecken 
nicht nur, sondern versorgen deinen Körper auch mit allem, was er nach 
dem Training oder in einem aktiven Alltag braucht. Ob Protein Cream oder
 Eiweißpulver zum Backen – hier findest du alles für deine bewusste 
Ernährung ohne Verzicht.</p>
<p><span style="font-size: 20px;">Fitnessziele schneller erreichen mit dem MaxiNutrition Sportzubehör</span></p>
<p>Das optimale Training und die richtige Ernährung gelingen erst durch 
das passende Equipment. Egal, ob es darum geht, deinen 
Flüssigkeitshaushalt auszugleichen oder deinen perfekten Proteinshake 
zuzubereiten: Bei uns bekommst du hochwertige Eiweiß-Shaker, 
Trinkflaschen und mehr, die perfekt zugeschnitten sind auf deine 
Bedürfnisse und dich auf deinem Weg zum Erfolg unterstützen.</p>
<p><span style="font-size: 20px;">Alles für deine glutenfrei und laktosefreie Sporternährung</span></p>
<p>Ein glutenfreies oder laktosefreies Leben muss keinen Verzicht 
bedeuten – im Gegenteil! Auch wer unter einer Glutenunverträglichkeit 
leidet oder auf Milchprodukte verzichtet, kann in den Genuss von 
leckeren Snacks, schmackhaften Pancakes und cremigen Proteinshakes 
kommen. Entdecke unsere vielfältigen glutenfreien und streng 
laktosearmen Produkte für eine ausgewogene Ernährung und deinen gesunden
 Fitness-Lifestyle.</p>
<p><span style="font-size: 20px;">Produkte für Muskelaufbau &amp; Abnehmen online kaufen </span></p>
<p>Du willst abnehmen oder Muskeln aufbauen? Der Schlüssel zum Erfolg 
ist eine Umstellung deiner Ernährung in Kombination mit Sport. Eine 
kalorienreduzierte, proteinreiche Diät kann dir schnell helfen, ein 
gesundes Kaloriendefizit aufzubauen und nachhaltig dein Gewicht zu 
regulieren. Jede Menge gesunde Proteine und komplexe Kohlenhydrate 
wiederum unterstützen deinen Muskelaufbau. Egal, wo deine Reise hingeht:
 Entdecke bei MaxiNutrition die passenden Produkte mit besten 
Nährstoffen zum Erreichen deiner Ziele, vom MaxWhey über die Creamy Core
 Protein Bars bis hin zum Frischekick aus der Dose MaxFive.</p>
<p><span style="font-size: 20px;">Geballtes Wissen und fundierte Tipps im MaxiBlog </span></p>
<p>Egal, ob du Muskeln aufbauen möchtest, ein optimales 
Gewichtsmanagement anstrebst oder eine gesunde, ausgeglichene Ernährung 
dein Fokus ist – in unserem MaxiBlog erklären wir dir alles, was du 
wissen musst. Bei uns findest du wissenschaftlich fundierte 
Informationen rund um die Themen Warenkunde, Rezepte, Lifestyle und 
Training. Starte noch heute, mit Unterstützung unserer Expertinnen und 
Experten deine Ernährung umzustellen und deine Sportroutine zu 
optimieren – für maximale Erfolge!</p>
<p>&nbsp;</p>
</div>
</div>
<p><a class="moreless-button" tabindex="0" href="#">Weiterlesen</a></p></div><div data-content-type="html" data-appearance="default" data-element="main" data-pb-style="OK8XSSX" data-decoded="true"><script type="text/javascript">
    require([ 'jquery', 'domReady!'],function($){
        $('.moreless-button').click(function() {
            $('.moretext').slideToggle();
            if ($('.moreless-button').text() == "Weiterlesen") {
                $(this).text("Lese weniger")
                $('.custom-text-homepage').addClass( "show-text" );
            } else {
                $(this).text("Weiterlesen")
                $('.custom-text-homepage').removeClass( "show-text" );
            }
        });
    });
</script></div></div></div> <script type="text/javascript">
    <!--
    try {
     smileTracker.addPageVar('cms.identifier', 'home')
     smileTracker.addPageVar('cms.title', 'Maxinutrition Shop')
     } catch (err) {
        ;
    }</script> <div class="popup_wrapper mfp-with-anim" style=" margin:auto" id="template-newsletter"><div class="bss_popup popup_content"><div class="block newsletter "><img src="images/maxinutrition-fit-sein-abnehmen_600px.jpg" width="972" height="600">
<h3>10% Willkommensgutschein bei Newsletteranmeldung!</h3>
<div class="newsletter-arrow-expand">&nbsp;</div>
<div class="mobile-newsletter-hidden">
<p>Exklusive Rabatte, Fitnesstipps &amp; Rezepte.</p>
<div class="content"><form id="newsletter-validate-detail" class="form subscribe" action="/newsletter/subscriber/new/" method="post" novalidate="novalidate">
<div class="field newsletter">
<div class="control"><label for="newsletter"> <input id="newsletter" name="email" type="email" placeholder="E-mail" data-validate="{required:true, 'validate-email':true}"> </label></div>
<div class="control"><label for="gdpr"> <span class="label"> <input id="gdpr" name="gdpr" required="" type="checkbox" value="yes"> Hiermit aktzeptiere ich die <a href="https://maxinutrition.de/datenschutz/">Datenschutzbestimmungen</a>.</span> </label></div>
</div>
<div class="actions"><button class="action subscribe primary" title="Subscribe" type="submit" aria-label="Subscribe">Jetzt anmelden</button></div>
</form></div>
</div>
</div></div></div>  </div></div></main> <div class="custom-first-footer" data-content-type="row" data-appearance="full-width" data-enable-parallax="0" data-parallax-speed="0.5" data-background-images="{}" data-background-type="image" data-video-loop="true" data-video-play-only-visible="true" data-video-lazy-load="true" data-video-fallback-src="" data-element="main" data-pb-style="64B7959559BBB"><div class="row-full-width-inner" data-element="inner"><div class="pagebuilder-column-group" data-content-type="column-group" data-grid-size="3" data-element="main" data-pb-style="64B7959559BCA"><div class="pagebuilder-column" data-content-type="column" data-appearance="full-height" data-background-images="{}" data-element="main" data-pb-style="64B7959559BD3"><figure data-content-type="image" data-appearance="full-width" data-element="main" data-pb-style="64B7959559BDB"><img class="pagebuilder-mobile-hidden" src="images/germany.png" alt="" title="" data-element="desktop_image" data-pb-style="64B7959559BE2"><img class="pagebuilder-mobile-only" src="images/germany.png" alt="" title="" data-element="mobile_image" data-pb-style="64B7959559BF2"></figure><div class="first-text" data-content-type="text" data-appearance="default" data-element="main" data-pb-style="64B7959559BF9"><p>Born &amp; developed in Germany</p></div><div class="second-text" data-content-type="text" data-appearance="default" data-element="main" data-pb-style="64B7959559C00"><p id="XSP0N4I">Alle Produkte werden von unserem hauseigenen Forschungs- und Entwicklungsteam entwickelt.</p></div></div><div class="pagebuilder-column" data-content-type="column" data-appearance="full-height" data-background-images="{}" data-element="main" data-pb-style="64B7959559C08"><figure data-content-type="image" data-appearance="full-width" data-element="main" data-pb-style="64B7959559C0F"><img class="pagebuilder-mobile-hidden" src="images/block.png" alt="" title="" data-element="desktop_image" data-pb-style="64B7959559C16"><img class="pagebuilder-mobile-only" src="images/block.png" alt="" title="" data-element="mobile_image" data-pb-style="64B7959559C1D"></figure><div class="first-text" data-content-type="text" data-appearance="default" data-element="main" data-pb-style="64B7959559C24"><p>Versankostenfrei ab 50 €</p></div><div class="second-text" data-content-type="text" data-appearance="default" data-element="main" data-pb-style="64B7959559C2C"><p>Wir versenden versandkostenfrei ab 50 € klimaneutral mit DHL GoGreen.</p></div></div><div class="pagebuilder-column" data-content-type="column" data-appearance="full-height" data-background-images="{}" data-element="main" data-pb-style="64B7959559C33"><figure data-content-type="image" data-appearance="full-width" data-element="main" data-pb-style="64B7959559C3A"><img class="pagebuilder-mobile-hidden" src="images/accounting.png" alt="" title="" data-element="desktop_image" data-pb-style="64B7959559C41"><img class="pagebuilder-mobile-only" src="images/accounting.png" alt="" title="" data-element="mobile_image" data-pb-style="64B7959559C48"></figure><div class="first-text" data-content-type="text" data-appearance="default" data-element="main" data-pb-style="64B7959559C4F"><p>Kauf auf Rechnung</p></div><div class="second-text" data-content-type="text" data-appearance="default" data-element="main" data-pb-style="64B7959559C56"><p>Bestelle deine Lieblingsprodukte und zahle einfach und sicher über Kauf auf Rechnung.</p></div></div></div></div></div><style>#html-body [data-pb-style="64B7959559BBB"]{justify-content: center; display: flex; flex-direction: column; background-color: rgb(241, 241, 241); background-position: left top; background-size: cover; background-repeat: no-repeat; background-attachment: scroll; border-style: none; border-width: 1px; border-radius: 0px; margin: 0px 0px 10px; padding: 10px;}#html-body [data-pb-style="64B7959559BCA"]{display: flex;}#html-body [data-pb-style="64B7959559BD3"]{justify-content: flex-start; display: flex; flex-direction: column; background-position: left top; background-size: cover; background-repeat: no-repeat; background-attachment: scroll; border-style: none; border-width: 1px; border-radius: 0px; width: 33.3333%; margin: 0px; padding: 10px; align-self: stretch;}#html-body [data-pb-style="64B7959559BDB"]{text-align: center; margin: 0px; padding: 0px; border-style: none;}#html-body [data-pb-style="64B7959559BE2"]{border-style: none; border-width: 1px; border-radius: 0px; max-width: 100%; height: auto;}#html-body [data-pb-style="64B7959559BF2"]{border-style: none; border-width: 1px; border-radius: 0px; max-width: 100%; height: auto;}#html-body [data-pb-style="64B7959559BF9"]{text-align: center; border-style: none; border-width: 1px; border-radius: 0px; margin: 0px; padding: 0px;}#html-body [data-pb-style="64B7959559C00"]{text-align: center; border-style: none; border-width: 1px; border-radius: 0px; margin: 0px; padding: 0px;}#html-body [data-pb-style="64B7959559C08"]{justify-content: flex-start; display: flex; flex-direction: column; background-position: left top; background-size: cover; background-repeat: no-repeat; background-attachment: scroll; border-style: none; border-width: 1px; border-radius: 0px; width: 33.3333%; margin: 0px; padding: 10px; align-self: stretch;}#html-body [data-pb-style="64B7959559C0F"]{text-align: center; margin: 0px; padding: 0px; border-style: none;}#html-body [data-pb-style="64B7959559C16"]{border-style: none; border-width: 1px; border-radius: 0px; max-width: 100%; height: auto;}#html-body [data-pb-style="64B7959559C1D"]{border-style: none; border-width: 1px; border-radius: 0px; max-width: 100%; height: auto;}#html-body [data-pb-style="64B7959559C24"]{text-align: center; border-style: none; border-width: 1px; border-radius: 0px; margin: 0px; padding: 0px;}#html-body [data-pb-style="64B7959559C2C"]{text-align: center; border-style: none; border-width: 1px; border-radius: 0px; margin: 0px; padding: 0px;}#html-body [data-pb-style="64B7959559C33"]{justify-content: flex-start; display: flex; flex-direction: column; background-position: left top; background-size: cover; background-repeat: no-repeat; background-attachment: scroll; border-style: none; border-width: 1px; border-radius: 0px; width: 33.3333%; margin: 0px; padding: 10px; align-self: stretch;}#html-body [data-pb-style="64B7959559C3A"]{text-align: center; margin: 0px; padding: 0px; border-style: none;}#html-body [data-pb-style="64B7959559C41"]{border-style: none; border-width: 1px; border-radius: 0px; max-width: 100%; height: auto;}#html-body [data-pb-style="64B7959559C48"]{border-style: none; border-width: 1px; border-radius: 0px; max-width: 100%; height: auto;}#html-body [data-pb-style="64B7959559C4F"]{text-align: center; border-style: none; border-width: 1px; border-radius: 0px; margin: 0px; padding: 0px;}#html-body [data-pb-style="64B7959559C56"]{text-align: center; border-style: none; border-width: 1px; border-radius: 0px; margin: 0px; padding: 0px;}</style> <div class="newsletter" id="newsletter-widget"><form class="form subscribe" novalidate="novalidate" action="https://maxinutrition.de/newsletter/subscriber/new/" method="post" id="newsletter-validate-detail" data-validate="true"><div class="container"><div class="newsletter__wrapper"><div class="text"><div class="newsletter__title"> 10% Willkommensgutschein auf deine nächste Bestellung!</div><div class="first-text"> Exklusive Rabatte, Fitnesstipps &amp; Rezepte. Jetzt zum Newsletter anmelden!</div><div class="second-text"> Abmeldung jederzeit möglich.<br>
 Weitere Informationen darüber, wie wir deine persönliche Daten 
verarbeiten und verwalten, findest du in unserer Datenschutzerklärung.</div></div><div class="row util-reset-margin-bottom"><div class="top-custom-navigation col-xs-12 col-lg-5"><div class="name col-xs-12 col-lg-5"><div class="email-text">Dein Name</div><div class="field name"><label class="label" for="name"><span>Max Mustermann</span></label> <div class="control"><input name="name" type="text" id="name" placeholder="Max Mustermann" data-validate="{required:false}"></div></div></div><div class="birthday col-xs-12 col-lg-5"><div class="email-text">Dein Geburtstag</div><div class="field birthday"><label class="label" for="birthday"><span>01.10.1987</span></label> <div class="control"><input name="birthday" type="date" id="birthday" placeholder="01.10.1987" data-validate="{required:false}"></div></div></div></div><div class="col-xs-12 col-lg-5"><div class="email-text">Deine E-Mail-Adresse</div><div class="form__field-wrapper"><input name="email" type="email" id="newsletter" placeholder="max.mustermann@domain.de" required=""><label class="form__label" for="newsletter" data-role="newsletter-label"><span>max.mustermann@domain.de</span></label></div></div><div class="col-xs-12 col-md-6 col-lg-4"><div class="form__field-wrapper"><input type="checkbox" name="data_privacy_agreement" id="data_privacy_agreement" required="" data-parsley-multiple="data_privacy_agreement"><label for="data_privacy_agreement">Hiermit akzeptiere ich die <a href="https://maxinutrition.de/rest/V1/dataPrivacy" data-fancybox="" data-type="ajax">Datenschutzbestimmungen</a></label></div><div class="form__field-wrapper"><input type="checkbox" name="age_agreement" id="age_agreement" required="" data-parsley-multiple="age_agreement"><label for="age_agreement">Ich bin älter als 16 Jahre</label></div></div><div class="col-xs-12 col-md-6 col-lg-3"><input type="hidden" name="language" id="language" value="en"><div class="newsletter__action"><button class="btn" title="Absenden" type="submit"><span>Absenden!</span></button></div></div></div><div class="special-mobile-text" style="display: none">
 Weitere Informationen darüber, wie wir deine persönliche Daten 
verarbeiten und verwalten, findest du in unserer Datenschutzerklärung.</div></div></div></form></div><footer class="footer"><div class="footer__main"><div class="container"><div class="row"><div class="col-xs-12 col-md-6 col-lg-5 produkte"><h4 class="util-h6"><a>Produkte</a> <a class="accordion__trigger--mobile accordion__trigger--small" data-target="footer-produkte-links">Open</a></h4><ul id="footer-produkte-links"><li><a href="https://maxinutrition.de/shop/proteinpulver/">Proteinpulver</a></li> <li><a href="https://maxinutrition.de/shop/proteinriegel-snacks/">Proteinriegel &amp; Snacks</a></li> <li><a href="https://maxinutrition.de/shop/aufstriche-backen/">Aufstriche &amp; Backen</a></li> <li><a href="https://maxinutrition.de/shop/ready-to-drink/">Ready to Drink</a></li> <li><a href="https://maxinutrition.de/shop/hydration/">Hydration</a></li> <li><a href="https://maxinutrition.de/shop/probierpakete/">Probierpakete</a></li> <li><a href="https://maxinutrition.de/shop/zubehoer/">Zubehör</a></li></ul></div><div class="col-xs-12 col-md-6 col-lg-5 maxinutrition"><h4 class="util-h6"><a>MaxiNutrition</a> <a class="accordion__trigger--mobile accordion__trigger--small" data-target="footer-maxinutrition-links" href="#">Open</a></h4><ul id="footer-maxinutrition-links"><li><a href="https://maxinutrition.de/maxi-blog/">Maxi Blog</a></li> <li><a href="https://maxinutrition.de/maxi-blog/category/rezepte/">Fitness Rezepte</a></li> <li><a href="https://maxinutrition.de/proteinrechner/">Proteinrechner</a></li> <li><a href="https://maxinutrition.de/ueber-uns/">Über uns</a></li> <li><a href="https://www.krueger-group.com/karriere/stellenangebote/stellenangebote-hnc-healthy-nutrition-company-gmbh" target="_blank">Jobs</a></li></ul></div><div class="col-xs-12 col-md-6 col-lg-5 support"><h4 class="util-h6"><a>Support</a> <a class="accordion__trigger--mobile accordion__trigger--small" data-target="footer-support-links" href="#">Open</a></h4><ul id="footer-support-links"><li><a href="https://maxinutrition.de/zahlung-und-versand/">Zahlung &amp; Versand</a></li> <li><a href="https://maxinutrition.de/contact/">Kontakt</a></li> <li><a href="https://maxinutrition.de/faq/">FAQ</a></li></ul></div><div class="col-xs-12 col-md-6 col-lg-5 parteners"><div class="first"><h4 class="util-h6 first"><a>Vertrauen und Sicherheit an erster Stelle</a></h4><div class="footer-custom-images first"><a href="https://sport.wetestyoutrust.com/" target="_blank"><img src="images/informed-sport.png"></a> <a href="https://www.koelnerliste.com/" target="_blank"><img src="images/koelner-liste.png"></a></div><div id="trustbadgeCustomContainer" style="font-size: 0px; min-height: auto;"><div id="trustbadge-custom-desktop-container-98e3dadd90eb493088abdc5597a70810" style="position: relative; display: inline-block;"><div class="_t53mel"><div id="minimized-trustbadge-98e3dadd90eb493088abdc5597a70810" class="_6ql45s"><div class="_1748qll"><div class="_ihmjp9"><img alt="trustmark" width="50" height="50" class="_1t38wjh" src="images/sprite.ce0555cc1bbf340d17e00adb2d201f8dbc02ab01.svg"></div><div class="_1koxq8s"><div id="ratingStarsContainer-98e3dadd90eb493088abdc5597a70810" class="_jikro2"><div class="_9m9ntk"><img alt="star-gray" width="12.75" height="12" class="_1ieupso" src="images/sprite.ce0555cc1bbf340d17e00adb2d201f8dbc02ab01_004.svg"><img alt="star-gray" width="12.75" height="12" class="_1ieupso" src="images/sprite.ce0555cc1bbf340d17e00adb2d201f8dbc02ab01_004.svg"><img alt="star-gray" width="12.75" height="12" class="_1ieupso" src="images/sprite.ce0555cc1bbf340d17e00adb2d201f8dbc02ab01_004.svg"><img alt="star-gray" width="12.75" height="12" class="_1ieupso" src="images/sprite.ce0555cc1bbf340d17e00adb2d201f8dbc02ab01_004.svg"><img alt="star-gray" width="12.75" height="12" class="_1ohc70l" src="images/sprite.ce0555cc1bbf340d17e00adb2d201f8dbc02ab01_004.svg"></div><div class="_qb1m71"><img alt="star-yellow" width="12.75" height="12" class="_1ieupso" src="images/sprite.ce0555cc1bbf340d17e00adb2d201f8dbc02ab01_002.svg"><img alt="star-yellow" width="12.75" height="12" class="_1ieupso" src="images/sprite.ce0555cc1bbf340d17e00adb2d201f8dbc02ab01_002.svg"><img alt="star-yellow" width="12.75" height="12" class="_1ieupso" src="images/sprite.ce0555cc1bbf340d17e00adb2d201f8dbc02ab01_002.svg"><img alt="star-yellow" width="12.75" height="12" class="_1ieupso" src="images/sprite.ce0555cc1bbf340d17e00adb2d201f8dbc02ab01_002.svg"><img alt="star-yellow" width="12.75" height="12" class="_1ohc70l" src="images/sprite.ce0555cc1bbf340d17e00adb2d201f8dbc02ab01_002.svg"></div></div><p class="_trzuc6"><span class="_vdk958">4,87</span></p><p class="_1o5ol2b">Sehr gut</p></div></div><p id="trustbadge-minimized-menu-button-98e3dadd90eb493088abdc5597a70810" class="_1bjjocx"><img alt="ellipsis" width="10" height="3" class="_ay4mkz" src="images/sprite.ce0555cc1bbf340d17e00adb2d201f8dbc02ab01_003.svg"></p><div class="_ue0ri9"></div><p class="_1qgn7s9">Käuferschutz</p></div></div></div></div><div id="trustbadgeCustomMobileContainer"></div></div><div class="col-xs-12 massmedia"><h4 class="util-h6"><a>Folge uns auf</a> <a class="accordion__trigger--mobile accordion__trigger--small" data-target="footer-custom-images" href="#">Open</a></h4><ul class="footer-custom-images" id="footer-custom-images"><li><a href="https://www.instagram.com/maxinutrition_de/" target="_blank"><img src="images/glyph-logo_May2016%201.svg"></a></li> <li><a href="https://www.facebook.com/MaxiNutrition.de/" target="_blank"><img src="images/f_logo_RGB-Black_58%201.svg"></a></li> <li><a href="https://www.youtube.com/channel/UCy6U5HVimIW_CWWYfRZT_og/featured" target="_blank"><img src="images/yt_icon_mono_light%201.svg"></a></li></ul></div></div></div></div></div><div class="footer__wrapper"><div class="container"><div class="row"><div class="col-xs-12 col-md-6 col-lg-5 payments-delivery"><div class="first"><h4 class="util-h6 first"><a>Sicher zahlen mit:</a></h4><div class="footer-custom-images first"><a><img src="images/Visa.svg"></a> <a><img src="images/Mastercard.svg"></a> <a><img src="images/Klarna.svg"></a> <a><img src="images/Paypal.svg"></a> <a><img src="images/Mask%20Group.svg"></a></div><br></div><div class="second"><h4 class="util-h6 second"><a>Schneller Versand durch:</a></h4><div class="footer-custom-images second"><a><img src="images/DHLGoGreen.png"></a></div></div></div></div><div class="footer__links"><ul> <li><a href="https://maxinutrition.de/agb/">Geschäftsbedingungen</a></li> <li><a href="https://maxinutrition.de/datenschutz/">Datenschutz</a></li> <li><a href="https://maxinutrition.de/impressum/">Impressum</a></li></ul></div></div><a href="#top" class="scrolltop">nach oben</a></div></footer>  <script async="" data-desktop-y-offset="10" data-mobile-y-offset="0" data-desktop-disable-reviews="false" data-desktop-enable-custom="true" data-desktop-position="right" data-desktop-custom-width="156" data-desktop-enable-fadeout="false" data-disable-mobile="false" data-disable-trustbadge="false" data-mobile-custom-width="130" data-mobile-disable-reviews="false" data-mobile-enable-custom="true" data-mobile-position="right" charset="UTF-8" src="js/X1C9E00601419D683CB74F6BCAC7A8DFD.js" script="" type="text/javascript"></script>   <script type="text/javascript">
    <!--
    try {
     smileTracker.addPageVar('type.identifier', 'cms_index_index')
     smileTracker.addPageVar('type.label', 'CMS-Startseite')
     smileTracker.addPageVar('locale', 'de_DE')
     smileTracker.addPageVar('domain', '185.88.215.156')
     } catch (err) {
        ;
    }</script> <script type="text/javascript">
    require(['jquery', 'iframeResizer' ],
        function ($) {
            $(function () {
                waitUntilExists(function() { return $('.embedded-iframe').length; }, function() {
                    var iframe = $('.embedded-iframe'),
                        headerHeight = $('header').outerHeight(),
                        windowHeight = $(window).innerHeight(),
                        availableHeight =  windowHeight - headerHeight - 70,
                        isOldIE = (navigator.userAgent.indexOf("MSIE") !== -1);
                    iframe.css({'height': availableHeight + 'px'});

                    iframe.on('load', function(){
                        iFrameResize({
                            log: false,
                            minHeight: availableHeight,
                            resizeFrom: 'parent',
                            scrolling: true,
                            inPageLinks: true,
                            autoResize: true,
                            heightCalculationMethod: isOldIE ? 'max' : 'bodyScroll',
                            onInit: function(iframe) {
                                iframe.style.height = availableHeight + 'px';
                            },
                            onResized: function(messageData) {
                                setTimeout(function() {
                                    messageData.iframe.style.visibility = 'visible';
                                }, 300);
                            },
                            onMessage: function(messageData) {
                                if (history.pushState && messageData.message.hasOwnProperty('trackNo')) {
                                    var newUrl = window.location.protocol + '//' + window.location.host + window.location.pathname.replace(/\/$/, '') + '/' + messageData.message.trackNo;
                                    window.history.pushState({path:newUrl}, '', newUrl);
                                }
                            }
                        }, '.embedded-iframe');
                    });

                }, function() { });
                function waitUntilExists(isReady, success, error, count, interval){
                    if (count === undefined) {
                        count = 300;
                    }
                    if (interval === undefined) {
                        interval = 20;
                    }
                    if (isReady()) {
                        success();
                        return;
                    }
                    setTimeout(function(){
                        if (!count) {
                            if (error !== undefined) {
                                error();
                            }
                        } else {
                            waitUntilExists(isReady, success, error, count -1, interval);
                        }
                    }, interval);
                }
            });
        });</script> <script type="text/javascript">
        window.openMinicart = '1';
        window.shouldOpenMinicart = '1';
        window.openMinicartDisplayOptions = 'both';
        requirejs(['jquery', 'weltpixel_quickcart' ], function($, quickcart) {
            $(document).ready(function() {
                var mobileBreakpoint = 768;
                quickcart.initialize(mobileBreakpoint);
            });
        });</script> </div><script defer="defer" src="images/v84a3a4012de94ce1a686ba8c167c359c1696973893317.es" integrity="sha512-euoFGowhlaLqXsPWQ48qSkBSCFs3DPRyiwVu3FjR96cMPx+Fr+gpWRhIafcHwqwCqWS42RZhIudOvEI+Ckf6MA==" data-cf-beacon="{&quot;rayId&quot;:&quot;823db15618e740f5&quot;,&quot;r&quot;:1,&quot;version&quot;:&quot;2023.10.0&quot;,&quot;token&quot;:&quot;e70dad51ac204a6c95e910ebd0a5cf3c&quot;}" crossorigin="anonymous"></script>
<iframe style="display: none; position: absolute; width: 1px; height: 1px; top: -9999px;" name="__uspapiLocator" tabindex="-1" role="presentation" aria-hidden="true" title="Blank"></iframe><iframe style="position: absolute; width: 1px; height: 1px; top: -9999px;" tabindex="-1" role="presentation" aria-hidden="true" title="Blank" src="images/bc-v4.html"></iframe><script src="js/trustbadge.js" charset="utf-8" data-type="trustbadge-business-logic"></script><iframe id="trustbadge-iframe" style="display: none;">
    </iframe>
    <img src="images/h.png" alt="" style="position: absolute; top: 0; left: 0; visibility: hidden;">
</body>
</html>